1878 3198
345 45 349 68 ¹
456 50 486 74 x!
695 43 721 61 V
1074 44 1076 46 ’
1139 50 1170 66 >“
1278 60 1293 80 χ
1345 66 1358 71 -

236 183 350 283 ’558
689 171 1421 310 'c1cERoN1sffi

245 380 303 428 in
347 379 532 429 ceteris
568 376 786 463 legibus
813 379 1092 453 conveniat
1107 414 1122 437 ,
1182 374 1321 434 hanc
1357 395 1490 431 esse
1477 354 1878 432 *huiusmodi

243 463 465 540 legem,
470 462 546 514 ut
582 466 637 513 in
661 481 724 515 ea
752 481 871 514 non
902 475 1184 558 oporteat3
1210 449 1524 540 postremo,
1566 467 1614 516 si
1640 467 1698 516 in
1722 450 1865 523 hace

238 566 462 620 quoque
502 549 614 620 lege
654 561 931 617 oporteat,
968 549 1105 600 hanc
1146 550 1362 620 quidem
1389 567 1615 602 causam
1654 538 1871 623 accipi]

244 637 465 687 minime
501 646 766 703 oporteie.

350 722 573 769 Prima
610 738 732 788 pars
773 718 860 771 his
899 716 1009 770 fere
1046 719 1178 771 locis
1217 717 1660 773 confirmabitur·
1701 722 1826 790 seri·

244 806 391 873 ptori
430 822 603 874 neque
638 808 941 877 ingenium,
982 823 1152 876 neque
1181 823 1424 874 operam,
1463 818 1634 876 neque
1661 806 1824 857 ullam
1860 864 1863 877 Ἰ,

242 887 552 941 facultatem
592 881 854 950 defuisse,
911 909 1021 962 quo
1060 892 1239 943 minus
1275 902 1454 960 aperte
1493 903 1674 963 posset
1710 910 1824 960 per-

243 975 489 1027 scribeie
511 977 596 1035 id,
663 978 810 1049 quod
849 981 1135 1053 cogitarem
1199 994 1309 1027 non
1348 974 1519 1026 fuisse
1563 979 1611 1026 ei
1647 994 1845 1048 grave,

242 1078 340 1111 nec
380 1050 625 1121 difficile,
664 1079 778 1111 eam
802 1080 1016 1113 causam
1036 1065 1310 1131 excipele,
1351 1079 1521 1132 quam
1535 1062 1827 1125 adversarii
1872 1087 1875 1102 ε

243 1145 549 1215 ploFerant,
592 1149 638 1197 si
667 1149 961 1218 quidquam
989 1148 1355 1216 excipiendum
1395 1158 1681 1216 putasset,
1702 1165 1825 1199 cou-

242 1249 419 1282 suesse
457 1234 577 1290 eos}
631 1230 726 1300 qui
774 1233 914 1304 leges
957 1233 1220 1291 scribant,
1289 1228 1822 1300 exceptionibusnti.

240 1317 446 1367 Deinde
509 1330 718 1384 oportet
771 1322 992 1368 recitare
1043 1320 1183 1390 leges
1246 1335 1364 1367 cum
1425 1316 1825 1386 exceptionibus

245 1406 508 1470 scriptas,
538 1415 589 1452 et
629 1405 851 1453 maxime
891 1406 1099 1464 videre,
1141 1405 1187 1453 si
1227 1421 1333 1473 qua
1363 1390 1428 1452 in
1463 1419 1523 1452 ea
1549 1404 1664 1471 ipsa
1689 1402 1824 1475 lege,

240 1506 347 1557 qua
391 1488 454 1537 de
490 1490 694 1558 agitur,
760 1492 829 1539 sit
866 1492 1103 1557 exceptio
1127 1488 1416 1559 -aliquo‘in
1458 1489 1664 1556 capite,
1730 1499 1827 1541 aut

240 1574 383 1640 apud
412 1574 637 1623 eundem
663 1573 793 1645 legis
825 1578 1167 1643 scriptorem,
1219 1591 1327 1644 quo
1354 1574 1524 1644 magis
1554 1590 1676 1623 eum
1702 1588 1823 1650 pro-

238 1657 397 1708 betur
433 1656 598 1728 fuisse
637 1671 1004 1726 excepturum,
1058 1662 1104 1710 s'i
1146 1660 1279 1730 quid
1322 1659 1686 1727 excipiendum
1725 1671 1822 1728 pn-
1871 1712 1876 1719 „

238 1754 410 1804 taret3
465 1756 517 1794 et
558 1745 864 1803 ostendere,
922 1763 1134 1795 causam
1175 1747 1436 1811 accipere,
1499 1742 1635 1794 nihil
1675 1743 1819 1796 aliud

239 1845 382 1885 esse,
437 1831 540 1892 nisi
578 1829 747 1900 legem
788 1830 1003 1890 tollere;
1062 1831 1182 1879 ideo
1222 1829 1398 1898 quod,
1450 1846 1618 1897 quum
1659 1829 1822 1878 semel

239 1930 398 1963 causa
438 1915 827 1972 consideretur,
868 1913 1003 1963 nihil
1041 1915 1267 1962 attineat
1305 1929 1419 1961 eam
1456 1929 1516 1961 ex
1553 1913 1665 1983 lege
1680 1929 1819 1964 „con—

203 2029 215 2039 -
239 1998 498 2056 siderare,
549 2003 746 2069 quippe
772 2016 907 2070 quae
933 2001 987 2048 in
1017 1998 1128 2069 lege
1155 2000 1351 2066 scripta
1378 1991 1486 2047 no'n
1515 1999 1600 2047 sit.
1659 1998 1820 2065 Quod

237 2085 285 2133 si
322 2084 391 2133 sit
434 2085 771 2144 institutum;
825 2083 1072 2135 omnibus
1101 2101 1311 2133 causam
1338 2083 1454 2133 dari
1495 2095 1562 2145 et,
1589 2081 1819 2152 potesta-

239 2180 346 2219 tem
383 2170 665 2237 peccandi,
730 2189 896 2240 quum
935 2170 1314 2227 intellexerint,
1380 2185 1477 2220 vos
1509 2186 1570 2219 ex
1602 2172 1817 2240 ingenio

239 2257 381 2313 eius,
446 2257 539 2324 qui
585 2268 768 2307 contra
805 2256 972 2327 legem
1013 2252 1227 2313 fecerit,
1294 2270 1403 2304 non
1441 2272 1501 2306 ex
1556 2251 1725 2328 lege,
1761 2259 1816 2307 in

239 2358 400 2409 quam
452 2342 613 2389 iurati
654 2342 803 2398 sitis,
879 2358 991 2391 rem
1029 2340 1294 2399 iudicare;
1368 2340 1558 2391 deinde
1595 2352 1648 2392 et
1683 2343 1813 2409 ipsis
1871 2343 1873 2348 '

237 2424 506 2474 iudicibus
545 2427 849 2484 iudicandi,
914 2438 964 2475 et
999 2428 1187 2475 ceteris
1232 2423 1439 2476 civibus
1479 2427 1693 2495 vivendi
1735 2443 1815 2477 ra-

239 2511 410 2559 tiones
449 2511 816 2576 perturbatum
857 2513 952 2570 iri,
993 2514 1038 2560 si
1063 2511 1224 2561 semel
1252 2529 1281 2559 a
1314 2509 1520 2581 legibus
1554 2527 1815 2561 recessum

238 2595 336 2654 sit3
377 2613 499 2644 nam
533 2608 584 2645 et
625 2598 826 2647 iudices
865 2614 1035 2667 neque
1076 2598 1207 2665 quid
1248 2607 1564 2665 sequantur,
1605 2594 1814 2646 habitu-

238 2696 359 2738 ros,
397 2697 438 2728 ει
470 2680 534 2729 ab
562 2699 653 2740 eo,
696 2683 845 2751 quod
874 2683 1127 2748 scriptum
1156 2683 1253 2740 sit,
1293 2682 1566 2739 recedant,
1623 2698 1812 2750 neque,

238 2780 348 2835 quo
382 2777 537 2833 pacto
575 2769 631 2815 in
670 2767 789 2818 aliis
824 2766 1125 2836 improbare
1165 2771 1406 2835 possint,
1457 2766 1604 2836 quod
1629 2777 1812 2817 contra
