1924 3224
225 241 293 290 26
407 236 637 284 RHET.
689 235 793 281 AD
845 224 1203 291 HERENN.
1265 233 1427 283 Lm.
1468 239 1520 283 1.
1558 251 1644 299 ,¹7-

334 408 415 456 17.
449 400 678 465 Reperta
704 396 1071 456 iudicatione,
1102 415 1314 448 omnem
1338 401 1602 450 rationem
1627 401 1797 453 totius

223 484 481 534 orationis
510 499 572 533 eo
602 480 832 533 conferri
863 483 1149 551 oportebit.
1190 486 1251 534 In
1270 484 1520 555 omnibus
1538 489 1797 536 constitu·
1825 502 1830 508 “

223 567 465 620 tionibus
492 580 546 618 et
580 566 824 636 partibus
865 571 1316 620 constitutionum
1343 568 1444 621 hac
1474 571 1797 622 via-iudica·
1840 567 1844 573 ’

223 657 398 706 tiones
424 656 773 723 reperientur,
811 663 1183 725 praeterquam
1210 659 1266 707 iu
1303 657 1648 708 coniecturali
1674 674 1797 708 con·

221 743 519 791 stitutione.
583 741 718 791 Nam
742 742 797 789 in
826 758 886 791 ea
912 758 1008 791 nec
1035 743 1174 792 ratio
1202 746 1492 812 quaeritur,
1534 761 1698 813 quare
1724 741 1799 793 fe-

221 828 383 887 cerit3
436 824 623 876 fecisse
663 828 803 875 enim
836 839 1086 899 negatur3
1140 845 1238 878 nec
1275 827 1674 880 firmamentum
1714 828 1811 881 ex?
1846 892 1854 905 s

219 915 483 984 quiritur,
525 913 786 982 quoniam
813 929 922 963 uon
948 913 1130 964 subest
1157 916 1314 964 ratio.
1405 917 1582 982 Quare
1620 934 1681 966 ex
1719 905 1795 966 iii·
1871 943 1881 959 x

217 1001 459 1049 tentione
499 1010 553 1047 et
575 995 919 1049 ‘infitiatione
961 999 1220 1051 iudicatio
1261 1003 1639 1059 constituitur,
1692 1001 1799 1052 hoc
1858 1053 1861 1056 ,

218 1083 400 1135 modo.
476 1085 735 1143 Intentio:
796 1120 830 1143 ,‚
852 1085 1111 1136 Occidisti
1147 1087 1424 1136 Aiacem.“
1497 1085 1795 1138 Infitiatioz

218 1172 393 1229 „Non
431 1170 620 1221 occidi.
639 1177 676 1201 “
749 1170 1042 1220 Iudicatio:
1096 1172 1546 1230 „Occideritne.“
1633 1175 1794 1224 Ratio

220 1259 394 1318 omnis
432 1259 714 1327 utriusque
755 1258 1047 1314 orationis,
1099 1269 1161 1306 ut
1186 1270 1307 1307 ante
1334 1258 1536 1308 dictum
1576 1270 1688 1318 est,
1727 1258 1795 1310 ad

216 1340 355 1392 hanc
392 1342 778 1392 iudicationem
816 1339 1136 1393 conferenda
1168 1355 1264 1393 est.
1343 1344 1400 1394 Si
1437 1343 1614 1411 plures
1641 1355 1798 1396 erunt

219 1428 660 1485 constitutiones,
713 1438 806 1477 aut
845 1439 1021 1495 partes
1060 1430 1542 1490 constitutionum3
1594 1430 1794 1480 iudica-

217 1514 392 1564 tiones
443 1529 662 1583 quoque
723 1512 902 1580 plures
962 1525 1118 1563 erunt
1181 1515 1238 1564 in
1287 1532 1393 1563 una
1447 1531 1634 1575 causa3
1700 1516 1795 1568 sed

218 1614 402 1649 omues
426 1599 589 1648 simili
629 1600 837 1649 ratione
874 1601 1220 1668 reperientur.
1311 1600 1508 1651 Sedulo
1547 1601 1793 1652 dedimus

219 1702 464 1753 operam,
516 1696 577 1734 ut
618 1683 851 1735 breviter
888 1670 942 1734 et
979 1685 1238 1744 dilucide,
1309 1685 1504 1756 quihus
1543 1686 1606 1736 de
1630 1685 1806 1750 rebus,
1832 1727 1834 1729 .

216 1768 391 1820 adhuc
420 1770 701 1820 dicendum
727 1766 865 1829 fuit,
905 1764 1216 1821 diceremus.
1295 1772 1477 1829 Nunc,
1530 1773 1789 1842 quoniam
1820 1787 1823 1789 ·

216 1857 347 1905 satis
374 1854 534 1904 huius
561 1855 852 1905 voluminis
878 1856 1191 1927 magnitudo
1218 1858 1413 1916 crevit,
1451 1856 1788 1908 commodius

217 1951 298 1990 est
334 1941 391 1990 iu
429 1940 596 1991 altero
631 1940 773 1992 libro
814 1941 879 1991 de
930 1943 1115 1992 ceteris
1156 1940 1312 1991 rebus
1353 1942 1598 2011 deinceps
1634 1961 1788 2011 expo·

216 2044 364 2086 nere3
442 2043 509 2077 ue
566 2045 671 2097 qua
734 2027 906 2095 possit
965 2029 1201 2077 animum
1262 2039 1417 2077 tuum
1477 2026 1788 2102 defatigatio

214 2113 499 2164 retardare.
587 2114 690 2165 Sed
717 2115 764 2163 si
791 2113 997 2170 tardius
1023 2112 1182 2171 haec,
1234 2132 1394 2183 quam
1433 2115 1646 2173 studes,
1699 2113 1787 2163 ab·

217 2199 518 2258 solventur,
574 2218 742 2270 quum
779 2216 957 2248 rerum
995 2199 1382 2269 magnitudini,
1435 2212 1552 2249 tum
1585 2201 1786 2249 nostris

215 2301 432 2355 quoque
471 2284 913 2354 occupationibus
951 2287 1218 2356 assignare
1264 2284 1498 2335 debebis.
1586 2286 1784 2337 Verun-

214 2381 390 2423 tamen
427 2370 843 2429 maturabimus,
898 2382 950 2420 et
1000 2371 1146 2441 quod
1192 2373 1410 2441 negotio
1461 2371 1784 2422 diminutum

217 2452 406 2513 fuerit,
446 2456 853 2527 exaequabimus
890 2457 1182 2507 industria:
1235 2468 1295 2506 ut
1331 2474 1428 2525 pro
1465 2468 1563 2507 tuo
1602 2456 1656 2503 in
1684 2471 1782 2505 nos

217 2536 424 2599 offici0,
479 2552 531 2590 et
567 2554 754 2592 nostro
791 2545 848 2592 in
884 2554 937 2592 te
966 2543 1145 2593 studio
1183 2560 1374 2595 munus
1402 2541 1505 2595 hoc
1536 2557 1780 2593 accumu-

214 2625 472 2678 latissime
507 2637 628 2679 tuae
656 2626 947 2700 largiamur
983 2628 1262 2680 voluntati.
1837 2617 1840 2623 ¹
