1924 3224
999 0 1025 64 <

214 222 311 256 Q*
591 192 1559 248 RHEffORICORUM'a

203 364 449 421 audient,
501 360 820 420 referemus,
872 363 999 425 dum
1024 361 1370 413 vhaec-omnia
1397 358 1614 423 adeam
1633 366 1797 431 ‘rioms-³

203 450 269 500 de·
305 467 411 518 qua
451 451 654 520 agitur,
703 451 813 497 'sint
854 449 1270 498 accommodata.
1358 451 1493 503 Item—
1517 453 1772 520 sifnestra

202 535 541 600 incommoda
574 532 923 602 proferemus,
963 535 1233 601 inopiam,
1275 534 1647 598 solitudinem,
1689 553 1771 588 ca‘·

199 621 520 670 lamitatem:
569 632 633 676 et¹
659 621 704 669 si
746 619 1048 677 orabimus,
1101 631 1160 668 ut
1199 619 1356 670 nobis
1395 623 1507 670 sint
1539 621 1795 683 auxilio?

201 706 360 755 simul
402 706 770 767 ostendemus,
838 722 934 755 nos
970 705 1182 755 inaliis
1218 723 1366 773 spem
1402 706 1639 768 noluisse
1661 703 1773 757 'ha-

198 791 338 841 bere.
425 790 509 841 Ab
540 792 786 842 advers
805 792 1115 839 ariorum
1141 801 1367 859 persona
1397 792 1771 845 benevolentia

199 875 527 944 captabitur,
576 878 624 926 si
663 892 753 925 eos
794 877 851 924 in
893 876 1105 934 odium,
1158 878 1215 925 in
1237 878 1494 928 invidiam
1510 914 1534 937 ,-
1565 880 1620 928 in
1649 891 1797 928 con-⁷

198 963 510 1012 temtionem
557 961 895 1011 adducemus.
986 963 1046 1010 In
1079 962 1326 1011 ‘odium
1376 966 1672 1030 rapiemus,
1723 964 1772 1013 si

198 1047 348 1117 quod
397 1062 581 1097 eorum
632 1051 847 1114 spurce,
904 1045 1157 1114 superbe,
1217 1045 1543 1115 perfidiose,
1588 1044 1799 1100 crude&

196 1132 344 1189 liter,
385 1129 743 1189 confidenter,
785 1131 1051 1181 malitiose
1067 1137 1093 1190 ,'
1122 1131 1387 1204 flagitiose
1421 1133 1626 1184 factum
1649 1131 1792 1203 pro--

197 1214 447 1278 feremus·
548 1219 608 1266 In
659 1218 1006 1268 invidiam
1056 1217 1354 1277 trahemus,
1397 1221 1469 1267 ⁴si
1517 1221 1677 1278 vini,-
1722 1221 1792 1268 siz

196 1305 488 1371 potentiam
509 1332 546 1361 ,-
587 1300 906 1362 factionem,
984 1303 1234 1361 divitias,
1305 1305 1766 1363 incontinentiam,

197 1389 560 1446 nobilitatem,
602 1388 903 1445 clientelas,
958 1388 1222 1455 hospitia,
1272 1389 1615 1447 sodalitates,
1646 1386 1787 1458 'affi·,

197 1476 386 1524 uitates
415 1474 838 1524 adversariorum
858 1472 1188 1541 proferemus
1205 1509 1222 1531 ,
1260 1485 1311 1523 et
1336 1473 1769 1525 hisadiumentis

197 1561 396 1630 magis,
451 1577 612 1628 quam
648 1561 858 1610 veritati
895 1576 984 1609 eos
1015 1556 1286 1609 confidere
1319 1561 1636 1626 aperiemus.·
1708 1561 1789 1609 In¹

197 1647 746 1716 contemtionem
784 1645 1140 1703 adducemus,
1207 1647 1254 1693 si
1293 1647 1566 1704 inertiam,
1621 1647 1772 1716 igna2

195 1732 368 1786 viam,
408 1730 696 1788 desidiam,
737 1731 999 1780 luxuriam
1029 1748 1212 1780 eorum
1232 1728 1617 1797 proferemus:
1669 1729 1785 1782 Ab«

199 1815 596 1864 auditorum
644 1832 870 1882 persona
921 1806 1291 1865 benevolentia
1344 1815 1653 1887 colligetur,
1719 1818 1766 1866 si
1823 1847 1831 1850 ·

197 1917 278 1949 res
325 1917 507 1949 eorum
543 1898 785 1959 fortiter,
851 1903 1143 1968 sapienter,
1197 1913 1501 1958 mansuete,
1565 1902 1767 1972 magni·-
1790 1919 1815 1939 τ

197 1983 299 2035 fice
326 1986 585 2036 iudicatas
611 1985 971 2053 proferemus3
1024 1999 1074 2036 et
1111 1988 1185 2042 si,
1231 2004 1367 2056 quae
1395 1988 1461 2036 de
1488 1989 1554 2036 iis
1589 1988 1767 2036 existi-

197 2074 362 2135 matio
379 2107 393 2130 ,
434 2090 569 2141 quae
595 2073 778 2121 iudicii
808 2075 1126 2141 exspectatio
1152 2074 1250 2129 sit,
1292 2074 1604 2139 aperiemus.
1629 2079 1655 2106 ⁴¹·
1679 2069 1764 2121 Ab
1792 2089 1793 2094 ¹

197 2157 314 2206 reb
331 2174 402 2207 us
430 2159 558 2225 ipsis
586 2157 901 2207 benevolum
928 2157 1214 2208 efficiemus
1240 2158 1559 2214 auditorem,
1581 2157 1765 2206 “si‘no-
1803 2215 1805 2219 Ι

198 2253 359 2291 stram
397 2260 608 2292 causam
645 2244 912 2294 laudando
950 2244 1286 2302 extollemus,
1339 2243 1788 2294 adversariorum»

198 2344 291 2395 per
317 2331 730 2378 contemtionem
759 2330 1128 2398 deprimemus.
1159 2372 1162 2377 .

307 2414 355 2462 6.
393 2415 649 2481 Deinceps
677 2416 742 2464 de
769 2417 1253 2465 insinuatione
1294 2412 1635 2480 aperiendum
1663 2423 1761 2462 est.
1834 2478 1836 2482 .

201 2500 320 2548 Tria
364 2510 489 2547 sunt
523 2511 788 2566 tempora,
843 2500 1038 2570 quibus
1077 2499 1341 2567 principio
1382 2500 1460 2548 uti
1498 2515 1603 2547 non
1642 2514 1763 2565 pos-

201 2599 413 2640 sumus,
479 2602 613 2652 quae
679 2585 960 2656 diligenter
1016 2597 1141 2635 sunt
1201 2583 1610 2634 consideranda:
1672 2593 1786 2632 aut'

202 2686 365 2737 quum
393 2681 599 2737 turpem
626 2687 837 2719 causam
865 2670 1137 2728 habemus,
1176 2669 1279 2719 hoc
1308 2681 1412 2727 est,
1454 2679 1620 2739 quum
1647 2670 1770 2735 ipsa'

205 2772 282 2804 res
326 2756 560 2803 animum
602 2756 862 2805 auditoris
900 2774 929 2804 a
972 2756 1125 2806 nobis
1176 2755 1403 2815 alienat3
1468 2765 1557 2804 aut
1597 2770 1762 2823 quum

204 2842 408 2888 animus
477 2842 733 2891 auditoris
798 2859 1078 2907 persuasus
1141 2841 1349 2890 videtur
1399 2857 1508 2889 esse
1560 2837 1625 2887 ab
1677 2840 1763 2894 iis.
