1878 3198
233 279 303 330 50
411 268 417 271 ·
484 308 502 330 ,
619 265 707 311 IN
759 244 1521 321 RIIETORI‘CORUM“

311 490 353 540 w
716 462 766 538 J
826 484 1220 548 cap.xx11.
1286 447 1288 450 ⁵
1368 490 1375 496 ·
1444 465 1458 539 J
1548 505 1554 527 ‚
1788 537 1820 574 νὴ

322 602 431 666 Pag.
475 606 545 655 55.
601 602 764 654 v.18‘‚
815 597 1109 644 homines
1162 623 1242 645 —-—-·.
1288 599 1410 644 Hoc
1440 614 1499 644 ex
1525 595 1859 662 2111oean
1846 577 1878 630 ἒ

236 688 374 737 Voss.
410 701 446 731 1.
475 679 527 733 'et
553 684 641 729 Ed.
675 682 948 731 Omniboni
972 685 1146 746 recepi.
1205 687 1297 731 Est
1317 685 1446 730 enim
1471 685 1644 746 :sptium
1666 694 1816 744 'quam

207 773 490 833 .-vulgatum
533 788 562 817 0
575 787 625 814 m
638 788 671 814 ιι
686 781 721 814 e
725 787 770 816 s.
1446 776 1448 779 ’

244 879 252 890 ¹
321 861 432 919 Pag.
460 862 530 913 55.
560 874 609 902 v.
639 871 714 902 20.
763 870 804 919 q
822 858 930 903 uid
970 857 1220 918 religio
1260 882 1320 895 ·--·
1379 857 1458 902 Sic
1485 858 1540 903 in
1569 855 1819 903 nonnullis

196 955 201 1001 ζ
237 946 353 991 Mss.
384 945 436 988 in
466 943 572 1007 aliis
586 975 599 994 ‚
643 957 689 989 et
726 944 781 1006 in
812 943 916 988 edd.
962 944 1054 988 irr
1069 938 1273 1004 eligio
1288 976 1302 995 ,
1357 944 1490 1005 quod
1528 942 1710 989 nollem
1737 944 1822 988 Er-

231 1031 418 1078 nestius
462 1031 700 1074 tenuisset.
724 1035 729 1047 ¹
777 1031 904 1075 Nam
945 1030 1045 1074 sine
1087 1029 1238 1075 dubio
1279 1011 1407 1075 haec¹
1441 1042 1513 1075 est
1551 1029 1696 1075 lectio
1724 1044 1822 1073 ex·

240 1117 469 1179 quisitior
499 1130 556 1160 et
595 1115 861 1161 difficilior.
944 1118 968 1159 I
979 1131 1004 1158 ι·
1016 1132 1040 1159 ι·
1055 1132 1078 1159 e
1091 1115 1109 1159 l
1122 1116 1143 1160 i
1155 1116 1259 1176 gio
1317 1116 1513 1162 videtur
1567 1112 1821 1178 monachis

234 1202 446 1250 librariis
478 1201 669 1252 deberi,
725 1202 811 1262 qui
842 1201 1033 1245 alteram
1065 1200 1328 1247 lectionem
1369 1202 1575 1263 impiam
1607 1216 1705 1250 esse
1735 1215 1822 1261 pu-

236 1288 410 1352 tabant.
468 1289 538 1332 Ac
571 1287 773 1332 dubium
805 1300 888 1337 est,
927 1305 985 1331 an
1017 1303 1096 1332 om
1104 1288 1222 1349 nino
1255 1287 1461 1334 auctoris
1491 1286 1646 1333 nostri
1674 1298 1822 1351 aetate
1856 1305 1861 1319 v

234 1375 332 1419 iam
364 1376 417 1418 in
447 1389 539 1418 usu
568 1373 672 1417 fuer
675 1374 715 1417 it
742 1373 1035 1419 vocabulum
1079 1373 1136 1417 ir
1147 1389 1172 1416 r
1188 1373 1243 1418 el
1258 1374 1322 1434 ig
1333 1374 1354 1416 i
1367 1390 1424 1419 o.
1493 1373 1636 1431 Quod
1661 1386 1820 1417 autem

232 1461 425 1506 Ernesti
466 1459 687 1521 putabat,
730 1475 756 1502 ι·
769 1459 855 1504 eh
868 1475 900 1520 g
912 1459 931 1502 i
947 1475 975 1504 o
987 1476 1019 1503 ιι
1034 1475 1057 1504 e
1070 1476 1121 1503 m
1173 1459 1207 1504 i.
1252 1476 1290 1504 e.
1332 1458 1727 1520 superstitionem
1761 1456 1820 1502 ab

234 1545 285 1591 h.
316 1544 349 1589 l.
394 1544 601 1589 alienam
639 1562 735 1590 esse
749 1578 763 1596 ,
814 1562 912 1590 non
950 1563 975 1589 ι
979 1561 1087 1590 eom
1091 1544 1289 1590 dabatur
1340 1542 1650 1590 notissimtnn
1690 1542 1818 1588 illud

237 1632 609 1677 Lucretianum.
646 1632 917 1676 Tantum
957 1630 1262 1691 relligio,
1292 1647 1368 1692 po
1385 1631 1516 1676 tuit
1558 1629 1821 1676 suadere
1861 1614 1878 1637 ’β

235 1734 287 1762 ιιι
304 1718 400 1764 alo
414 1735 482 1763 ru
495 1734 542 1761 ιιι
561 1752 571 1762 .
649 1716 847 1777 Optime
889 1733 1084 1777 quoque
1113 1718 1234 1762 reli
1249 1734 1280 1777 g
1293 1718 1314 1761 i
1329 1735 1356 1763 o
1370 1750 1383 1769 ,
1416 1716 1466 1762 h.
1498 1733 1536 1762 e.
1586 1716 1819 1762 δεισιδάὶ·

228 1804 385 1867 μονὶα
403 1836 416 1856 ,
456 1803 613 1847 inanis
644 1802 847 1847 deorum
877 1816 1034 1848 metus
1048 1836 1061 1854 ,
1109 1819 1219 1849 cum
1262 1816 1396 1849 metu
1423 1803 1596 1850 mortis
1625 1817 1821 1864 compo-

232 1890 380 1934 nitur.
483 1886 487 1891 ’
1032 1887 1035 1891 ’
1309 1874 1327 1878 ’

321 1977 432 2034 Pag.
466 1983 539 2030 55.
570 1990 618 2019 v.
649 1987 720 2031 25.
751 1982 821 2030 24.
875 1974 1029 2019 Tres
1070 1990 1167 2019 res
1208 1988 1377 2026 sunt,
1422 1990 1578 2037 quae
1615 1973 1819 2020 homi-

233 2076 336 2106 nes
372 2084 447 2107 ,--
517 2060 662 2120 Vulg.
723 2074 766 2105 t.
819 2076 867 2104 r.
925 2077 969 2105 s.
1026 2077 1179 2122 quae
1237 2076 1448 2107 omnes
1500 2059 1818 2106 homines.

235 2147 327 2192 sed
370 2162 398 2192 o
413 2163 462 2190 m
478 2163 511 2190 ιι
525 2162 548 2190 e
563 2162 584 2191 ε
623 2158 749 2190 recte
793 2146 977 2192 omittit
1017 2148 1156 2195 Voss.
1198 2160 1242 2203 5.
1518 2136 1521 2139 ’
1806 2163 1813 2191 ι

322 2235 431 2293 Pag.
473 2232 542 2287 56.
578 2248 626 2278 v.
673 2250 709 2276 1.
746 2245 787 2276 2.
848 2235 1199 2278 Immensae
1256 2232 1661 2295 cupiditates
1716 2230 1818 2293 pa-

233 2319 292 2364 ri
307 2331 415 2362 unt
455 2318 730 2364 avaritia
745 2334 794 2361 m
835 2343 894 2355 —-
953 2321 1008 2362 In
1052 2319 1156 2365 edd.
1201 2317 1398 2363 inficete
1441 2317 1641 2378 legitur:
1703 2317 1785 2361 im
1801 2341 1819 2351 ·

234 2420 479 2465 mepsae
531 2420 721 2466 porro
776 2405 1172 2466 cupiditates
1234 2404 1551 2449 infinitae
1593 2417 1652 2448 et
1687 2382 1816 2446 'im'-

235 2504 285 2532 m
304 2490 602 2534 oderatae
676 2504 847 2541 sunt,
926 2489 1035 2534 hae
1104 2491 1372 2551 pariunt
1440 2474 1812 2536 avaritiam.
1874 2509 1878 2550 ι

235 2574 326 2618 Sed
368 2575 678 2620 manifestum
709 2589 777 2621 ἐει
789 2609 804 2628 ‚
853 2575 1285 2641 amplificationem
1314 2577 1454 2621 istam
1485 2592 1510 2619 a
1553 2560 1815 2635 glossatore
1837 2617 1841 2621 .

233 2659 510 2721 profectam.
1821 2640 1824 2643 ι

321 2747 430 2806 Pag.
456 2747 530 2802 56.
561 2763 608 2791 v.
635 2755 677 2803 4.
720 2750 886 2809 Ergo
931 2764 1001 2794 av
1019 2747 1218 2819 aritia
1261 2772 1320 2783 —-
1377 2748 1455 2792 Sic
1483 2747 1537 2791 in
1568 2747 1682 2790 Mas.
1715 2744 1817 2790 Ou-

236 2831 376 2878 dend.
407 2831 635 2878 omnibus
666 2846 711 2878 et
738 2834 826 2878 Ed.
858 2834 1057 2883 Mediol.
1090 2834 1237 2895 Vulg.
1268 2834 1363 2894 igi
1377 2847 1395 2879 t
1406 2850 1438 2878 ιι
1449 2836 1481 2877 r*
1516 2847 1583 2877 av
1598 2831 1689 2876 a‘ri
1704 2843 1724 2875 t
1736 2830 1754 2874 i
1765 2846 1803 2875 a.
