1878 3198
212 221 646 268 Russ‘romc
688 204 1153 274 DEJN'VENT.
1214 223 1275 267 11.
1305 233 1376 267 21.
1413 234 1488 270 22.
1580 229 1680 285 '257

206 383 439 441 Pag.3o4.
471 394 519 425 v.
547 386 593 434 5.
664 380 872 439 Atque
918 360 1212 446 hoqlnson
1268 379 1547 424 alienum
1592 386 1684 424 efft

118 468 440 512 „fortasse
483 464 674 525 scripsit
714 464 909 509 Cicero:
968 459 1172 535 Atflue
1215 466 1328 510 hoc
1370 466 1518 510 loco
1557 481 1684 509 non

84 542 404 596 'alienum
445 564 538 595 est
573 575 630 584 —-
669 550 1015 611 pertineat,
1059 551 1425 597 admonere.
1566 596 1584 610 ,Ι

210 641 319 698 Pag.
351 645 460 696 304.
491 653 541 682 v.
568 636 774 680 11—16.
851 624 1260 696 Supponetur
1301 638 1464 681 enim
1496 661 1554 671 -—
1593 637 1686 682 he-

123 739 219 769 res
260 736 451 773 essen
503 722 878 766 infirmatio
920 746 975 757 --·
1041 722 1217 774 Verior
1245 722 1572 783 interpunctio
1603 726 1689 767 Ei·—
1752 766 1755 782 ‚

126 809 279 854 nescio
322 808 534 853 debetur.
607 810 758 852 Antea
801 807 895 852 sic:
961 811 1369 868 Suppo-natur
1408 835 1468 845 --
1507 809 1689 854 heres

126 908 320 940 esset.
380 892 761 938 Infirmat'io
805 906 892 937 etc.

216 984 326 1041 Pag.
349 987 448 1035 504.
479 996 526 1025 v.
561 991 636 1023 20.
695 979 950 1024 valebit
979 1005 1037 1015 —-
1095 979 1172 1023 Sic
1204 979 1468 1024 necessario
1498 980 1558 1024 ad
1587 995 1688 1034 senf-

127 1084 233 1114 sum
265 1082 290 1109 e
320 1036 412 1110 MS}-
448 1066 573 1110 Cass.
607 1066 699 1109 Gu.
732 1064 986 1125 legendum
1018 1079 1113 1116 est,
1157 1081 1270 1116 non,
1311 1065 1572 1126 utfulgo,
1602 1083 1693 1112 va-

128 1152 328 1197 lebat.
390 1150 535 1209 'Ordo
579 1164 673 1195 est:
724 1152 931 1194 Etiam
980 1168 1141 1196 nunc
1184 1150 1444 1197 valebit
1481 1153 1688 1213 patris

127 1238 370 1282 mortui
410 1235 726 1282 voluntas.

212 1326 320 1381 Pag.
359 1328 457 1380 504.
501 1339 548 1367 v.
575 1335 645 1365 20.
674 1336 739 1366 21.
805 1338 958 1382 quae
998 1321 1183 1366 illam
1221 1346 1280 1360 ω-
1347 1326 1416 1367 Ita
1463 1323 1694 1384 rescripsi

127 1424 216 1469 pro
261 1407 396 1467 vulg.
441 1423 595 1467 quae
650 1407 795 1456 iam,
867 1408 999 1467 quod
1047 1407 1095 1452 11.
1131 1407 1162 1450 1.
1213 1423 1352 1451 sensu
1399 1422 1551 1461 caret3
1596 1409 1695 1453 nisi

127 1476 250 1538 {selis
278 1492 536 1536 lectionem
567 1492 673 1535 cod.
700 1491 838 1535 Leid.
869 1503 911 1545 5.
962 1492 1218 1537 cedebat
1247 1494 1491 1538 asciscere:
1543 1512 1693 1555 quae

128 1580 250 1623 iam
302 1563 553 1621 mortuo
611 1575 867 1637 pupillo
925 1575 1057 1621 suis
1101 1576 1151 1622 i.·
1181 1594 1218 1621 e.
1260 1578 1406 1638 patris
1449 1579 1693 1624 heredi-

133 1664 257 1708 bus·
285 1663 560 1707 cedebat.
635 1664 763 1720 Quae
794 1675 948 1706 tamen
977 1662 1239 1709 verborum
1270 1665 1562 1711 constructio
1593 1681 1695 1727 per-

131 1749 269 1811 plexa
308 1762 376 1794 est
412 1763 457 1793 ct
496 1747 736 1808 ambigua.

712 1907 857 1967 Cap.
924 1908 1122 1951 XXII.

220 2010 460 2067 Pag-505·
497 2021 544 2052 v.
570 2018 609 2062 7.
639 2015 679 2061 8.
745 2006 1094 2066 approbata
1146 2007 1450 2067 quaedam
1492 2026 1517 2051 a
1560 2025 1692 2054 con·

99 2149 101 2153 Α
135 2093 483 2138 suetudine
537 2105 638 2135 aut
695 2109 842 2138 vero
895 2079 1094 2139 ¹utilia
1143 2094 1281 2138 visa
1318 2119 1375 2152 -ss-
1450 2095 1585 2139 Hanc
1627 2096 1693 2139 le·
1744 2125 1748 2127 >

137 2178 346 2224 ctionem
364 2211 378 2229 ,
418 2190 529 2238 post
555 2177 849 2221 Lambinum
892 2178 948 2222 ab
993 2176 1188 2224 Oliveto
1235 2193 1281 2223 et
1320 2171 1520 2225 Lallem.
1569 2197 1694 2225 rece-

136 2278 267 2326 ptam
282 2297 295 2314 ,
351 2264 652 2308 verissimam
704 2280 800 2308 esse
845 2263 1026 2310 iudico.
1096 2265 1259 2324 Vulgo
1272 2268 1289 2307 ‘2
1347 2282 1369 2308 a
1384 2282 1414 2326 p
1428 2282 1460 2327 p
1474 2282 1499 2309 r
1511 2282 1539 2311 o
1555 2266 1586 2310 b
1603 2285 1627 2310 a
1640 2280 1659 2311 t
1671 2284 1698 2310 a
1746 2279 1750 2283 ’

138 2350 440 2410 quaedam
500 2362 603 2393 aut
661 2367 685 2392 a
735 2350 1205 2394 consuetudine
1260 2364 1364 2395 aut
1432 2368 1456 2394 a
1539 2368 1693 2407 vero

139 2452 172 2479 n
186 2436 235 2479 ti
250 2435 335 2478 lia
375 2435 474 2479 vis
489 2451 513 2477 a
528 2456 543 2478 .’
613 2436 676 2479 At
715 2435 933 2496 primum
974 2435 1096 2479 illud
1141 2453 1210 2479 au
1223 2448 1241 2479 t
1282 2435 1439 2480 alieno
1482 2436 1592 2482 loco
1620 2437 1694 2491 in-

95 2582 99 2587 .
140 2521 378 2565 culcatum
407 2534 533 2564 recte
564 2519 694 2564 abest
723 2537 747 2562 a
778 2520 1107 2581 compluribus
1142 2523 1254 2566 Mss.
1278 2523 1417 2567 Oud.
1491 2541 1516 2567 a
1546 2540 1581 2569 v
1593 2540 1615 2568 e
1628 2541 1652 2567 r
1667 2539 1695 2568 ο

138 2606 331 2650 Ernesti
385 2605 576 2666 quidem
619 2605 740 2664 intp.
797 2623 828 2666 p
842 2623 866 2649 ι·
881 2623 907 2650 o
925 2623 955 2667 p
970 2620 988 2650 t
999 2624 1022 2650 e
1035 2624 1060 2650 1·
1116 2623 1149 2652 v
1164 2623 1186 2650 e
1200 2624 1225 2651 r
1238 2607 1257 2649 i
1270 2621 1288 2651 t
1301 2625 1325 2651 a
1339 2621 1357 2651 t
1372 2625 1395 2651 e
1409 2625 1458 2651 m
1474 2642 1484 2652 .
1579 2609 1700 2654 Sim-

140 2686 316 2750 plicius
369 2704 524 2734 tamen
582 2704 651 2736 est
716 2709 740 2734 a
754 2710 787 2735 u
803 2705 822 2736 t
887 2710 920 2736 v
935 2709 958 2735 c
974 2694 1041 2749 1³9
1108 2693 1345 2753 exponere
1357 2726 1370 2743 ,
1427 2707 1482 2738 ut
1514 2708 1520 2755 j
1537 2693 1697 2739 Gallo·

142 2791 250 2820 rum
307 2793 382 2820 ou
441 2775 615 2827 bien,
673 2791 754 2821 aut
809 2791 1028 2825 nostrum
1092 2779 1246 2823 oder
1311 2779 1479 2824 aber.
1570 2781 1695 2823 ‚Nam
