1924 3224
289 250 393 296 AD
447 246 944 294 HERENNmM
1000 231 1165 292 Lm..
1218 245 1342 291 111.
1399 251 1479 304 ιε.
1597 259 1667 317 9⁷

207 420 289 472 ιθ.
351 410 537 470 Nunc,
597 409 901 461 cuiusmodi
944 407 1090 460 locos
1130 409 1396 466 invenire,
1465 418 1518 458 et
1553 423 1666 478 quo

94 509 253 568 pacto
304 498 562 565 reperire,
638 508 692 546 et
738 498 795 547 in
843 495 977 546 locis
1031 496 1288 566 imagines
1342 494 1680 546 constituere-

97 595 373 652 oporteat,
425 582 783 635 ostendemus.
873 581 1335 648 Quemadmodum
1371 582 1536 651 igitur
1571 581 1669 649 qui

95 669 275 720 literas
329 671 537 728 sciunt,
612 678 838 737 possunt
886 667 973 727 id,
1051 667 1199 736 quod
1262 667 1520 717 dictatum
1567 676 1666 724 est,

99 753 359 812 scribere,
436 765 488 804 et
524 756 781 813 recitare,
860 753 1011 823 quod
1051 754 1400 821 scripserunt:
1460 753 1536 801 ita
1573 751 1667 821 qui

93 845 390 906 μνημονικὸς
427 839 754 898 didicerunt,
792 850 1049 908 possunt,
1089 855 1224 909 quae
1261 839 1570 895 audierunt,
1610 839 1671 886 iu

94 922 230 974 locis
281 924 572 999 collocare,
636 937 689 974 et
727 942 788 974 ex
834 923 920 975 his
960 927 1265 975 memoriter
1301 925 1665 992 pronuntiare.

96 1010 229 1059 Loci
266 1011 406 1059 enim
450 1027 597 1060 cerae
635 1021 729 1059 aut
764 1009 977 1060 chartae
1023 1009 1282 1059 simillimi
1320 1014 1475 1069 sunt'3
1537 1010 1669 1056 ima-

97 1096 276 1166 gines,
337 1095 537 1154 literis;
600 1095 887 1162 dispositio
925 1106 980 1144 et
1034 1078 1315 1145 collocatio
1354 1095 1672 1164 imaginum,

98 1181 418 1247 scripturae3
457 1181 857 1247 pronuntiatio,
894 1180 1128 1231 lectioni.
1219 1181 1446 1246 Oportet
1483 1180 1667 1249 igitur,

98 1265 146 1313 si
182 1263 432 1315 volumus
468 1265 636 1315 multa
675 1267 1010 1325 meminisse,
1084 1264 1282 1315 multos
1321 1263 1479 1314 nobis
1518 1263 1669 1313 locos

98 1366 435 1416 comparare,
486 1362 550 1400 ut
587 1353 644 1400 in
681 1351 863 1402 multis
900 1350 1033 1401 locis
1059 1350 1252 1400 multas
1279 1352 1537 1421 imagines
1565 1348 1673 1398 col·-

96 1434 273 1484 locare
309 1433 592 1503 possimus.
684 1438 816 1486 Item
845 1448 1090 1505 putamus
1119 1447 1366 1504 oportere
1392 1452 1453 1484 ex
1480 1434 1672 1484 ordine

96 1518 197 1570 hos
231 1519 378 1571 locos
413 1520 640 1580 habere,
712 1539 778 1571 ne
816 1522 1031 1591 quando
1069 1520 1469 1589 perturbatione
1505 1521 1675 1589 impe-¹

101 1606 340 1663 diamur,
380 1623 488 1675 quo
518 1608 688 1655 secius
711 1618 881 1676 quoto
914 1623 1141 1676 quoque·
1163 1606 1283 1655 loco
1325 1603 1547 1661 libebit,
1588 1602 1672 1654 vel

102 1707 131 1739 a
171 1692 472 1757 superiore,
535 1691 618 1742 vel
656 1690 722 1740 ab
774 1689 1057 1749 inferiore,
1090 1721 1093 1727 -
1122 1690 1203 1741 vel
1242 1709 1271 1739 a
1309 1690 1483 1739 media
1522 1700 1671 1756 parte

101 1777 359 1846 imagines
407 1778 588 1844 sequi,
641 1788 691 1825 et
728 1793 818 1834 ea,
859 1793 994 1845 quae
1033 1776 1279 1826 mandata
1319 1774 1453 1825 locis
1495 1786 1668 1833 erunt,

101 1862 282 1912 videre
324 1873 375 1911 et
400 1858 637 1929 proferre
662 1862 947 1928 possimus.
1031 1862 1167 1911 Nam
1194 1872 1283 1921 ut,
1324 1862 1371 1910 si
1396 1863 1453 1910 in
1483 1861 1671 1911 ordine

103 1958 300 1997 stantes
351 1958 511 1997 notos
561 1945 855 2013 complures
906 1946 1226 2004 viderimus,
1304 1944 1440 1996 nihil
1485 1958 1670 1996 nostra

18 2056 28 2060 -
103 2034 343 2092 intersit,
382 2044 562 2081 utrum
603 2049 633 2079 a
656 2048 911 2089 summo,
952 2049 1017 2080 an
1047 2031 1112 2081 ab
1140 2034 1280 2090 imo,
1333 2050 1400 2081 an
1437 2049 1467 2080 a
1493 2033 1668 2084 medio

105 2119 322 2167 nomina
358 2135 541 2167 eorum
583 2116 754 2166 dicere
791 2117 1139 2184 incipiamus3
1191 2106 1413 2168 item'in
1448 2117 1579 2168 locis
1608 2135 1670 2167 ex

108 2203 295 2252 ordine
332 2201 605 2252 collocatis
656 2203 885 2260 eveniet,
945 2215 1005 2252 ut
1046 2205 1103 2252 in
1139 2202 1431 2273 quamlibet
1466 2214 1669 2270 partem

106 2299 496 2357 quotoquoque
540 2287 659 2338 loco
697 2286 916 2344 libebit,
989 2287 1312 2359 imaginibus
1356 2287 1673 2340 commoniti-

108 2373 281 2423 dicere
332 2373 597 2439 possimus
648 2372 732 2430 id,
820 2373 966 2442 quod
1028 2372 1160 2422 locis
1227 2373 1668 2423 mandaverimus.

111 2458 288 2524 Quare
341 2456 513 2524 placet
561 2468 612 2506 et
661 2474 721 2506 ex
773 2459 957 2508 ordine
1016 2457 1163 2507 locos
1217 2474 1549 2526 comparare3
1618 2468 1673 2508 et.

108 2542 275 2601 locOS‚
315 2559 451 2612 quos
485 2544 854 2602 sumserimus,
890 2546 1095 2614 egregie
1122 2545 1488 2595 commeditari
1516 2559 1669 2610 opor·

109 2626 273 2687 tebit,
332 2638 394 2676 ut
442 2638 696 2694 perpetuo
745 2627 900 2677 nobis
954 2627 1167 2677 haerere
1216 2631 1439 2696 possint.
1536 2629 1672 2678 Nam

111 2715 400 2783 imagines,
466 2714 604 2761 sicut
651 2711 861 2771 literae,
926 2713 1191 2772 delentur,
1237 2714 1369 2764 ubi·
1395 2713 1527 2763 nihil
1564 2713 1671 2763 illis

116 2800 344 2846 utimur:
406 2797 543 2855 loci,
613 2809 866 2868 tanquam
921 2815 1069 2861 cera,
1124 2817 1408 2851 *remanere
1458 2799 1671 2851 debent.⁴

188 2889 274 2930 Cic.
297 2890 482 2929 Rhacor.
532 2889 624 2930 Vol.
648 2892 686 2930 1.
1568 2896 1602 2940 ¹7
