1924 3224
1157 0 1185 28 „3
1278 0 1346 16 w,
1407 0 1536 39 ‘ww

1474 173 1477 178 „
1688 140 1690 143 ·
1734 131 1813 181 ’ἐς
1863 143 1868 145 ·

252 247 324 301 8ο
563 207 1477 289 ,RHETOR-iconium
1778 184 1822 222 ’ὁ

251 398 496 454 tudinem
522 400 850 459 nominarit,
895 418 1010 450 eam
1045 418 1143 452 nos
1173 377 1545 474 gladiatoriam
1569 416 1624 457 et
1647 420 1832 464 utcon-

254 476 539 536 sideratam
565 480 945 552 appellabimus
967 489 1553 540 temeritatem..
1713 526 1715 528 -
1786 526 1810 538 ⁸.

362 570 745 621 Laudabile
786 584 892 630 est,
960 575 1107 642 quod
1146 572 1366 626 conficit
1400 574 1568 630 hones
1682 612 1711 637 ‚
1750 558 1857 629 ‘eti‘

253 670 613 727 piaesentem,
631 663 658 691 ’ΧΑ
691 670 743 708 et
791 649 1198 729 consequentem
1248 677 1572 713 commemor

256 747 372 794 Hoc
422 760 519 792 nos
569 761 632 794 eo
682 762 712 792 a
757 757 913 822 re‘cto
966 759 1297 812 separamus,
1359 764 1469 797 nou
1534 747 1692 818 quod
1727 747 1857 799 lne‘

253 840 487 900 quatuor
533 841 734 896 partes,
800 848 936 900 quae
983 830 1339 882 subiiciuntur
1406 831 1506 883 sub
1568 833 1833 887 vocabulo

204 963 206 967 .
253 917 416 974 recti»,
462 913 598 964 hanc
633 913 928 966 honestatis
965 902 1524 968 commemorationem
1567 919 1693 970 dare
1723 934 1832 971 nou

255 1000 490 1060 soleant3
532 1001 624 1050 sed
661 1019 984 1071 quamquam
1021 1020 1082 1053 ex
1114 1015 1260 1055 recto
1286 990 1556 1054 laudabile
1577 1007 1830 1066 nascitur,

251 1099 431 1138 tamen
468 1088 524 1135 in
562 1087 788 1139 dicendo
845 1106 1083 1139 seorsum
1132 1088 1466 1139 tractandum
1505 1100 1584 1139 est
1620 1087 1735 1141 hoe>⁴
1758 1090 1831 1142 ab

252 1173 367 1224 illo.
452 1174 637 1242 Neque
677 1174 816 1222 enim
846 1174 1017 1224 solum
1055 1175 1226 1225 laudis
1266 1192 1422 1226 causa
1442 1157 1655 1225 'rectum
1680 1177 1834 1248 sequi

198 1272 204 1275 ’
246 1261 531 1309 convenit:
585 1259 676 1308 sed
715 1262 759 1308 si
799 1260 914 1309 laus
949 1262 1317 1330 consequitur,
1372 1260 1672 1328 duplicatur
1697 1262 1833 1313 renti

256 1343 539 1412 appetendi
575 1343 838 1394 voluntas.
946 1346 1124 1412 Quum
1162 1347 1327 1416 igitur
1362 1347 1466 1395 erit
1502 1346 1830 1418 demonstra·

254 1442 370 1481 tum
393 1441 627 1485 rectum,
676 1429 942 1480 laudabile
980 1446 1090 1480 esse
1126 1429 1606 1481 demonstrabimus
1643 1443 1739 1491 aut
1762 1430 1831 1482 ab
1896 1452 1909 1461 ⁸

254 1514 464 1583 idoneis
502 1513 808 1565 hominibus
825 1551 840 1573 ,
891 1526 954 1564 ut
989 1516 1034 1564 si
1073 1533 1178 1585 qua
1215 1531 1298 1565 res
1326 1513 1832 1571 honestiorifflrdiui

255 1602 484 1671 placeat,
551 1617 685 1668 quae
724 1618 755 1649 a
791 1601 1053 1650 deteriore
1090 1600 1276 1651 ordine
1314 1598 1677 1668 improbetur3
1701 1612 1707 1618 ’
1733 1612 1831 1653 aut

258 1687 325 1737 ab
364 1685 633 1756 aliquibus
669 1687 858 1744 sociiS‚
928 1697 1019 1736 aut
1057 1684 1302 1736 omnibus
1342 1685 1548 1739 civibus
1561 1721 1579 1746 ,
1640 1688 1830 1738 exteris
1863 1719 1865 1721 ·

258 1772 595 1830 nationibuS,
634 1774 967 1840 posterisque
1005 1774 1218 1820 nostris.

361 1869 413 1926 5.
456 1858 634 1921 Quum
673 1856 982 1907 huiusmodi
1013 1856 1253 1906 locorum
1293 1857 1487 1907 divisio
1533 1857 1606 1906 sit
1629 1858 1687 1906 in
1710 1873 1830 1907 con-

257 1942 575 1999 sultatione,
645 1941 876 1993 breviter
925 1941 1209 2008 aperienda
1262 1953 1342 1992 est
1377 1942 1543 1992 totius
1580 1943 1831 1993 tractatio

256 2046 464 2079 causae.
551 2026 884 2077 Exordiri
928 2025 1140 2085 licebit,
1199 2026 1283 2080 vel
1322 2045 1351 2075 a
1388 2011 1682 2095 principio,
1743 2025 1828 2079 vel

262 2114 710 2167 ahinsinuatione
727 2148 741 2170 ,
777 2112 963 2162 iisdem
991 2111 1318 2172 rationibus,
1387 2110 1583 2182 quibus
1609 2113 1666 2160 in
1693 2111 1831 2162 iudi-

263 2198 385 2249 ciali
409 2216 580 2248 causa.
659 2199 714 2248 Si
741 2200 890 2249 cuius
916 2200 994 2247 rei
1029 2189 1343 2248 narratio
1376 2198 1605 2256 incidet,
1645 2197 1829 2247 eadem

262 2286 467 2334 ratione
517 2301 728 2333 narrare
779 2282 1059 2351 oportebit.
1157 2285 1217 2334 Iii
1268 2285 1528 2334 divisione
1577 2283 1829 2352 quoniam

262 2371 321 2420 in
345 2368 653 2419 huiusmodi
679 2370 848 2418 causis
874 2365 1000 2418 finis
1025 2380 1104 2419 est
1132 2369 1360 2427 utilitas,
1401 2379 1453 2418 et
1481 2385 1542 2416 ea
1569 2367 1830 2419 dividitur

263 2456 319 2503 in
368 2456 628 2504 rationem
678 2465 846 2504 tutam
895 2466 1051 2524 atque
1096 2453 1401 2512 honestam,
1459 2454 1505 2503 si
1541 2464 1828 2522 utrumque

261 2541 553 2607 poterimus
580 2540 880 2598 ostendere,
944 2552 1225 2609 utrumque
1251 2538 1620 2607 pollicebimur
1647 2555 1744 2588 nos
1771 2536 1831 2588 iux

263 2625 488 2675 dicendo
527 2625 974 2676 demonstraturos
1012 2641 1149 2676 esse:
1209 2627 1291 2675 sin
1342 2625 1565 2675 alterum
1600 2623 1830 2675 ‘demon-

263 2711 477 2760 straturi
518 2712 757 2770 erimus,
806 2701 1141 2779 simpliciter,
1205 2712 1350 2780 quod
1393 2709 1586 2761 dicturi
1627 2725 1839 2766 sumus,

265 2795 614 2846 ostendemus.
712 2797 784 2848 At
832 2799 878 2847 si
929 2808 1161 2849 nostram
1211 2798 1472 2847 rationem
1508 2804 1679 2845 tutam
1722 2810 1832 2843 esse

1700 2879 1835 2931 dice-
