1924 3224
235 243 303 292 52
590 218 1570 322 111111113111001111111111
1731 198 1749 209 ’

550 314 576 322 ..
1365 321 1369 324 ,
1407 315 1462 327 .-
1494 315 1604 329 ans..
1644 305 1722 334 ...0—
1778 295 1924 369 κ

234 400 614 445 tractaremuS‚
637 401 884 455 quorum
913 384 1150 436 inventio
1179 395 1233 435 et
1251 386 1423 453 prima
1441 422 1456 446 ,
1507 398 1564 438 et
1589 385 1805 440 diffieil-

231 477 360 526 lima
397 486 492 524 est.
580 475 764 541 anue
802 467 956 519 nobis
994 471 1096 519 erit
1130 468 1235 520 hoc
1268 473 1325 520 in
1359 471 1500 523 libro
1526 491 1805 543 propemo-

233 563 361 613 dum
390 559 664 616 absoluta,
718 556 811 606 sed
850 573 1068 623 parvam
1096 567 1302 623 partem
1337 559 1452 623 eius
1489 560 1546 608 in
1585 559 1805 611 tertium

211 648 481 701 'volumen
519 639 918 694 transferemus.
979 677 982 681 -
1017 643 1096 691 De
1134 658 1223 691 sex
1261 642 1507 711 partibus
1546 647 1813 698 orationis

231 751 402 804 quum
443 728 680 791 scrihere
706 727 1067 786 instituimus,
1119 728 1176 776 in
1214 730 1390 795 primo
1421 719 1562 781 libro
1582 729 1806 802 loquuti
1874 757 1877 761 ·
1905 795 1914 806 κ

232 835 416 870 sumus
443 817 508 867 de
536 814 786 872 exordio,
838 813 1174 872 narratione,
1225 813 1520 875 divisione,
1571 832 1668 865 nec
1689 816 1803 885 plu·

228 904 379 954 ribus
417 901 625 960 verbis,
691 916 852 968 quam
890 914 1100 963 necesse
1138 891 1273 958 fuit,
1327 917 1423 969 nec
1457 902 1632 951 minus
1669 901 1826 952 dila--

229 989 376 1047 cide,
440 1003 604 1057 quam
640 997 692 1034 te
729 982 862 1035 velle
900 977 1347 1035 existimabamus.
1435 986 1640 1036 Deinde
1678 1005 1801 1043 con·

199 1104 201 1107 ·
227 1076 455 1127 iunctim
486 1073 550 1123 de
585 1068 996 1133 confirmatione
1032 1080 1084 1119 et
1122 1068 1493 1122 confutatione
1519 1071 1803 1124 dicendum

227 1144 350 1212 fuit.
444 1160 619 1225 Quare
643 1145 835 1228 genera
862 1156 1311 1206 constitutionum
1340 1167 1393 1206 et
1417 1173 1598 1229 earum
1622 1171 1799 1225 partes

172 1265 177 1268 ·
228 1247 557 1315 aperuimus:
624 1260 685 1291 ex
721 1258 830 1312 quo
865 1239 1025 1290 simul
1063 1240 1471 1314 ostendebatur,
1523 1244 1800 1312 quomodo

229 1332 671 1384 constitutionem
712 1337 764 1376 et
802 1337 978 1394 partes
1014 1327 1449 1386 constitutionis,
1507 1344 1664 1379 causa
1702 1346 1818 1398 po·‘

229 1421 361 1476 sita,
413 1416 635 1484 reperiri
671 1422 959 1480 oporteret.
1047 1410 1252 1460 Deinde
1295 1409 1606 1474 docuimuS,
1661 1417 1798 1466 iudi·

227 1505 495 1554 cationem
543 1497 994 1570 quemadmodum
1041 1498 1228 1566 quaeri
1287 1499 1629 1559 conveniret}
1691 1519 1798 1571 qua

226 1592 472 1647 inventa,
514 1584 807 1636 curandum
823 1620 838 1643 ,
891 1593 952 1652 ut
977 1584 1148 1633 omnis
1175 1584 1314 1634 ratio
1340 1584 1508 1636 totius
1536 1580 1824 1638 orationis*

227 1676 295 1725 ad
322 1691 437 1724 eam
461 1669 642 1722 confei
646 1681 780 1719 atui.

333 1758 618 1826 Reliquum
679 1753 961 1807 videbatur
1022 1770 1134 1804 esse
1158 1789 1174 1812 ,
1249 1766 1312 1805 ut
1377 1756 1792 1817 ostenderemuS,

228 1859 363 1914 quae
423 1843 563 1891 ratio
621 1851 800 1908 posset
847 1840 1180 1889 inventiones
1231 1840 1298 1890 a'd
1334 1850 1794 1914 ‘unamquamque

228 1929 669 1980 constitutionem
711 1936 803 1974 aut
836 1936 1040 1993 partem
1070 1927 1470 1976 constitutionis
1500 1943 1793 1980 accommo-

229 2015 379 2075 dare3
433 2025 486 2062 et
526 2015 653 2062 item
693 2028 824 2081 quas
861 2011 1375 2080 argumentationes,
1430 2029 1566 2082 quae
1607 2015 1796 2075 Graeci

227 2102 603 2163 ἐπιχειρήματα
639 2095 932 2164 appellant,
985 2097 1167 2164 sequi,
1208 2107 1262 2144 et
1283 2114 1415 2165 quas
1443 2100 1611 2149 vitare
1639 2116 1793 2167 opor·

226 2194 392 2242 teret;
455 2198 687 2251 quorum
725 2193 1011 2251 utrumque
1052 2182 1283 2247 pertinet
1321 2183 1388 2231 ad
1429 2180 1793 2236 confirmatio·

227 2285 347 2317 nem
376 2279 428 2317 et
452 2265 892 2317 confutationem.
993 2267 1197 2316 Deinde
1230 2267 1297 2317 ad
1324 2278 1614 2318 extremum
1639 2269 1793 2320 doce·

225 2351 435 2411 bimus,
500 2352 801 2402 cuiusmodi
860 2350 1291 2402 conclusionibus
1356 2355 1659 2404 orationum
1709 2356 1792 2405 uti

228 2449 506 2505 oporteat3
561 2441 654 2506 qui
689 2438 837 2489 locus
866 2448 978 2487 erat.
1002 2447 1302 2505 postremus
1341 2438 1406 2488 de
1433 2454 1520 2488 sex
1545 2437 1790 2506 partibus

227 2525 503 2573 orationis.

337 2623 385 2658 9..
447 2610 685 2657 Primum
744 2624 868 2679 ergo
928 2624 1271 2677 quaeremus,
1339 2607 1787 2678 quemadmodum

228 2710 492 2763 quamque
530 2710 739 2742 causam
780 2695 997 2742 tractari
1035 2695 1331 2743 conveniat.
1430 2696 1500 2744 Et
1536 2695 1788 2743 nimirum

230 2776 804 2835 coniecturalem,
866 2795 1002 2847 quae
1038 2780 1211 2846 prima
1249 2789 1302 2828 et
1340 2776 1651 2829 difficillima
1689 2789 1786 2837 est,

1543 2901 1553 2911 .
1621 2864 1788 2930 potis-
