1924 3224
295 250 397 301 ηις
656 218 1752 305 nuntroniconvm,

291 408 470 459 laedit.
495 415 499 417 “
544 407 636 456 His
664 410 806 459 vitiis
833 411 890 458 in
916 410 1302 477 compositione
1326 407 1507 460 'vitatis
1522 389 1551 470 ,¹
1583 395 1859 482 reliquum

282 496 468 562 'operis
494 495 911 544 consumendum
936 507 1016 544 est
1042 497 1097 544 in
1129 495 1402 567 dignitate.
1446 512 1450 518 ·
1509 511 1525 529 ³
1606 535 1613 544 s.
1667 534 1681 557 x.
1836 489 1841 495 “
1905 549 1911 556 ,

316 638 317 642 ,
403 591 482 639 13.
521 581 844 650 Dignitas
883 591 996 637 est,
1046 598 1182 649 quae
1221 580 1398 633 reddit
1448 514 1701 638 ornatss*
1739 573 1880 633 ora-'

287 669 521 724 tionem,
579 666 835 714 varietate
877 665 1228 736 distinguens.
1314 667 1458 716 Haec,
1490 667 1547 715 in
1570 664 1856 738 verborum
1915 672 1917 675 ”

287 765 342 820 et
378 754 433 802 in
474 752 854 800 sententiarum
894 752 1291 822 exornationem
1332 751 1608 804 dividitur.
1638 794 1639 797 ,
1694 753 1855 806 Ver-

287 837 372 907 bo
386 855 527 886 rum
577 837 850 886 exornatio
890 848 1000 893 est,
1055 854 1192 905 quae
1226 837 1395 904 ipsius
1433 838 1692 902 sermonis
1727 838 1856 890 insi-

287 915 436 995 gnita
496 924 796 972 continetur
851 920 1222 989 perpolitione.
1266 979 1276 985 ,
1328 922 1855 973 Sententiarum

287 1010 560 1058 exornatio
605 1018 712 1066 est,
764 1023 918 1082 quae
941 1025 1051 1057 non
1081 1007 1138 1055 in
1173 1005 1378 1065 verbis,
1421 1007 1554 1058 sed
1539 1025 1598 1092 ιιι
1621 1008 1753 1076 ipsis
1775 1022 1854 1058 re·
1912 1026 1913 1029 ’

285 1092 387 1144 bus
416 1092 683 1163 quandam
709 1091 870 1142 hahet
895 1093 1220 1163 dignitatem.
1246 1092 1274 1120 ¹*
1296 1092 1324 1121 ¹*
1346 1092 1376 1120 *⁴

390 1181 438 1230 R
455 1177 633 1245 epeti
649 1177 700 1225 ti
716 1194 747 1226 o
780 1189 876 1235 est,
916 1196 1082 1247 quum
1109 1179 1437 1228 continenter
1461 1176 1527 1229 ab
1557 1183 1668 1228 uno
1694 1187 1852 1248 atque

287 1264 474 1314 eodem
511 1259 674 1313 verbo
698 1262 936 1312 in=rebus
964 1261 1226 1312 similibus
1262 1249 1323 1312 ets
1343 1260 1562 1313 diversis
1589 1264 1852 1331 principia

287 1360 595 1406 sumuntur,
645 1345 750 1397 hoc
787 1348 978 1397 modo:
1031 1347 1248 1406 „Vobis
1286 1349 1429 1399 istud
1454 1339 1850 1398 attribuendum

285 1447 393 1494 est,
444 1433 600 1485 vobis
641 1434 809 1503 gratia
846 1431 1120 1492 habenda,
1170 1433 1327 1484 vobis
1366 1434 1590 1483 resista
1627 1434 1733 1491 erit
1753 1431 1849 1483 ho-

283 1523 418 1571 nori.
438 1527 473 1550 “
547 1520 707 1568 Item:
743 1554 781 1578 „
798 1518 975 1587 Scipio
1003 1520 1345 1569 Numantiam
1381 1517 1627 1593 sustulit,
1646 1518 1848 1586 §Scipio

285 1605 660 1676 Carthaginem
705 1604 929 1666 delevit,
972 1605 1149 1673 Scipio
1182 1621 1364 1672 pacem
1391 1593 1641 1673 peperit,‘
1668 1604 1847 1672 Scipio

281 1694 544 1743 civitatem
584 1691 826 1742 servavit.
846 1697 882 1720 ‘⁶
955 1691 1115 1739 Item:
1157 1725 1192 1749 ,‚
1211 1692 1294 1740 Tu
1320 1691 1376 1739 in
1403 1687 1585 1741 forum
1611 1688 1844 1757 prodire,

279 1789 343 1826 tu
364 1777 535 1826 lucem
560 1777 876 1843 conspicere,
917 1786 978 1823 tu
1004 1777 1061 1824 in
1087 1774 1276 1824 horum
1309 1780 1647 1842 conspectum
1665 1767 1846 1825 venire

280 1860 527 1913 conaris?
565 1862 726 1910 audes
763 1858 981 1910 verbum
1020 1857 1228 1908 facere?
1267 1859 1431 1909 audes
1455 1859 1749 1928 quidquam
1775 1857 1842 1909 ab
1897 1856 1900 1857 ⁷

278 1950 396 1998 istis
420 1958 594 2015 petere
606 1935 635 1996 ‘2
684 1945 844 1993 audes
870 1943 1187 2010 supplicium
1213 1943 1519 2011 deprecari?
1568 1943 1840 2010 Quid-est,

280 2033 428 2103 quod
451 2033 625 2099 possis
652 2027 969 2080 defendere?
1022 2028 1152 2097 quid
1184 2040 1293 2087 est,
1332 2029 1480 2098 quod
1518 2029 1711 2080 audeas
1735 2045 1841 2097 po-

277 2116 513 2168 stnlfne‘²
552 2116 682 2185 quid
710 2127 804 2174 est,
839 2114 987 2184 quod
1010 2114 1110 2163 tibi
1135 2125 1285 2181 putes
1312 2114 1533 2165 concedi
1560 2112 1842 2182 oportere?

276 2206 398 2255 Non
434 2201 801 2253 iusiurandum
839 2199 1205 2249 contemsisti?
1268 2217 1375 2250 non
1425 2199 1624 2248 amicos
1659 2197 1842 2266 prodi·

277 2287 444 2339 disti?
494 2305 600 2337 non
639 2287 847 2355 parenti
874 2302 1059 2333 manus
1089 2284 1358 2335 intulisti?
1396 2301 1504 2334 non
1528 2283 1798 2354 denique'
1781 2301 1838 2333 m

277 2374 423 2422 omni
472 2373 725 2423 dedecore
780 2370 1044 2422 volutatus
1097 2368 1191 2418 es‘?
1208 2377 1242 2399 ‘⁶
1332 2372 1482 2419 Haec
1542 2366 1836 2425 exornatio,

274 2475 440 2527 quum
477 2457 706 2507 multum
742 2456 1035 2508 venustatis
1074 2452 1267 2513 habet,
1316 2466 1431 2518 tum
1471 2453 1747 2525 gravitatis
1782 2464 1837 2503 et

272 2545 592 2594 acrimoniae
618 2536 923 2610 plurimum}
963 2541 1138 2606 Quare
1162 2541 1374 2591 videtur
1396 2556 1507 2589 esse
1534 2534 1834 2588 adhihenda

272 2640 325 2678 et
349 2628 414 2678 ad
442 2629 760 2687 ornandam,
800 2643 851 2677 et
875 2626 941 2676 ad
966 2625 1319 2695 exaugendam
1348 2626 1658 2686 orationem.

379 2714 757 2764 Conversio
800 2725 907 2770 est,
946 2728 1038 2779 per
1076 2729 1235 2780 quaxn
1272 2728 1411 2769 non,
1449 2720 1509 2758 ut
1540 2718 1689 2766 ante,
1726 2709 1830 2774 pri·

269 2816 416 2849 mum
451 2800 737 2868 repetimus
781 2797 1025 2856 verbum,
1078 2796 1171 2847 sed
1211 2796 1277 2846 ad
1312 2806 1638 2864 postremum
1665 2792 1830 2850 conti·
