1924 3224
231 181 330 232 AD
372 174 868 231 HERENNIUM
931 181 1091 233 ΜΒ.
1134 184 1220 228 11.
1266 187 1345 239 14.
1390 191 1466 241 ³5·
1588 195 1657 250 47

93 349 179 400 bit
224 348 436 418 quaeri,
499 333 742 412 ipsumne
803 343 1103 410 oportuerit
1127 343 1415 402 iudicare,
1471 356 1659 395 utrum

96 409 261 484 i'uerit
284 432 498 489 utilius,
540 448 604 478 an
646 429 872 478 aliorum
902 425 1066 477 fuerit
1098 429 1367 484 statuendi
1405 441 1656 496 potestas,

94 519 298 572 Deinde
335 520 704 583 interponetur
742 513 807 563 ab
849 525 1154 567 accusatore
1179 516 1417 582 suspicio
1446 532 1662 565 excon-

95 582 375 655 stitutioue
407 598 791 671 coniecturali,
869 608 1032 668 quare
1073 610 1288 667 putetur
1335 612 1444 650 non
1485 617 1544 649 ea
1562 634 1564 640 2
1582 619 1660 650 ra-

94 678 244 756 tione
278 684 478 737 factum
513 701 659 758 esse,
710 700 821 753 quo
860 673 1343 735 =1neliusvdeteriori
1382 696 1664 752 antepone·

96 786 276 832 retur,
342 773 434 822 sed
479 770 604 834 dolo
651 769 792 819 malo
829 772 1100 839 negotium
1135 783 1362 842 gestum.
1460 770 1665 820 Deinde

97 870 412 930 quaeretur„
451 857 755 924 potueritne
787 856 962 913 vitari,
1002 872 1066 903 ne
1091 857 1146 904 in
1174 873 1294 905 eum
1318 856 1495 913 locum
1524 857 1666 906 veni-v

91 956 255 999 retur,
303 967 305 969 ·
356 942 441 994 Ab
482 939 761 995 defensore
799 950 981 990 contra
1018 938 1287 990 refelletur
1336 953 1664 1012 argumenta-

95 1031 175 1079 tio
212 1027 615 1085 coniecturalis,
667 1025 872 1094 aliquast
893 1023 1160 1092 probabili
1207 1043 1391 1084 causa,
1457 1026 1520 1076 de
1558 1043 1664 1095 qua

98 1126 218 1164 ante
255 1114 455 1164 dictum
496 1124 591 1161 est.
667 1112 760 1159 His
803 1112 878 1158 ita
911 1107 1452 1160 tractatisaccusator
1483 1122 1662 1159 utetur

95 1199 214 1248 loco
250 1197 518 1248 communi
547 1198 603 1245 in
630 1212 766 1254 eum,
808 1196 901 1264 qui
928 1195 1117 1244 inutile
1142 1195 1262 1244 utili
1281 1197 1661 1262 praeposuerit,

24 1324 31 1333 ,,
98 1302 265 1354 quum
290 1282 708 1333 statuendimon
743 1280 963 1330 haberet
999 1292 1329 1347 potestatem.
1403 1277 1664 1330 Defensor

101 1379 285 1419 contra
311 1375 432 1427 e‘os,
474 1368 568 1436 qui
598 1384 828 1435 aequum
856 1376 1128 1425 censeant,
1180 1382 1290 1414 rem
1313 1367 1665 1433 perniciosam

98 1454 220 1503 utili
257 1453 541 1521 praeponi,
605 1464 781 1500 utetur
830 1450 951 1500 loco
993 1452 1263 1500 communi
1296 1468 1389 1518 per
1439 1466 1665 1519 conque-

100 1541 356 1596 stionem,
409 1549 460 1586 et
496 1536 654 1586 simul
693 1547 907 1605 quaeret
947 1534 1010 1584 ab
1040 1534 1463 1594 accusatoribus,
1518 1547 1570 1584 et
1597 1534 1663 1584 ab

101 1622 368 1674 iudi-cibus
405 1623 565 1688 ipsis,
618 1622 748 1691 quid
787 1619 980 1670 facturi
1018 1633 1220 1679 essent,
1276 1622 1322 1669 si
1360 1623 1415 1669 in
1447 1638 1519 1670 eo.
1543 1620 1663 1671 loco

103 1706 360 1768 fuissent3
413 1719 466 1757 et
495 1719 730 1774 tempus,
780 1706 988 1763 locum,
1039 1723 1179 1764 rem,
1233 1705 1664 1779 deliberationem

105 1812 254 1844 suam
290 1803 453 1861 ponet
488 1804 608 1842 aute
648 1791 849 1842 ocuIOS.
1143 1784 1145 1789 ¹

219 1890 297 1938 15.
351 1877 759 1928 Translatio
813 1878 1049 1928 criminis
1087 1889 1196 1935 est,
1262 1896 1425 1947 quum
1468 1861 1534 1927 ab
1572 1895 1663 1929 reo

105 1962 234 2014 facti
279 1981 436 2014 causa
484 1964 540 2011 in
582 1962 807 2012 aliorum
858 1974 1133 2029 peccatum
1181 1962 1513 2013 transfertur.
1604 1966 1665 2014 In

105 2068 211 2119 qua
250 2051 479 2116 primum
516 2048 876 2117 quaerendum
914 2059 1019 2106 est,
1071 2049 1252 2097 iurene
1288 2050 1344 2098 in
1382 2049 1543 2097 alium
1569 2052 1666 2099 cri·

105 2151 226 2184 men
252 2131 617 2183 transferatur.
691 2134 893 2183 Deinde
922 2134 1261 2200 spectandum
1290 2146 1382 2192 est,
1423 2135 1469 2182 si
1499 2150 1663 2203 aeque

108 2236 355 2287 magnum
390 2219 462 2289 sit
498 2216 631 2266 illud
667 2230 973 2284 peccatum,
1024 2218 1171 2288 quod
1204 2220 1261 2266 in
1298 2218 1461 2266 alium
1499 2230 1665 2268 traus-

107 2301 339 2365 feratur,
405 2313 562 2370 atque
598 2302 761 2362 illud,
826 2303 973 2372 quod
1009 2320 1127 2352 reus
1168 2304 1456 2369 suscepisse
1499 2319 1554 2353 se
1588 2297 1663 2352 fa·

107 2400 300 2453 teatur.
387 2387 618 2446 Deinde,
670 2390 1030 2456 oportueritne
1056 2390 1112 2436 in
1136 2403 1196 2435 ea
1224 2404 1280 2436 re
1305 2404 1519 2454 peccare
1535 2424 1551 2446 ,
1607 2390 1664 2437 in

111 2491 215 2542 qua
254 2473 384 2521 alius
429 2483 548 2533 ante
576 2475 819 2539 peccarit.
904 2472 1136 2530 Deinde,
1188 2474 1548 2539 oportueritne
1585 2474 1663 2521 iu-

112 2558 310 2606 dicium
356 2568 474 2607 ante
522 2553 658 2608 fieri.
754 2559 988 2616 Deinde,
1051 2574 1215 2626 quum
1276 2553 1479 2606 factum
1528 2557 1662 2606 iudi·

112 2642 252 2690 cium
280 2658 388 2691 non
425 2643 496 2690 sit
524 2642 587 2692 de
624 2643 718 2694 illo
745 2645 990 2700 crimine,
1045 2641 1192 2711 quod
1215 2642 1273 2690 in
1310 2640 1474 2689 alium
1500 2651 1663 2689 trans·

114 2721 345 2785 feratur,
396 2738 703 2798 oporteatne
741 2729 805 2779 de
847 2746 906 2779 ea
945 2745 1002 2778 re
1036 2726 1292 2779 iudicium
1330 2723 1478 2784 fieri,
1530 2741 1663 2794 quae
