1878 3198
139 244 586 311 RHETORIC.
629 264 736 327 DE
782 266 1117 317 INVENT.
1176 270 1214 312 1.
1251 222 1455 326 54256.
1555 285 1651 334 177

77 436 293 469 rerum
333 421 592 472 melius,
649 438 827 482 quam
882 424 1092 469 omnis
1147 425 1418 471 mundus
1467 426 1650 470 admi-

75 509 432 558 nistratur,
476 508 768 552 consilio
812 509 1024 570 igitur
1075 499 1345 575 mundsus
1389 502 1651 556 admini-

6 601 11 610 “·
34 590 35 597 ’
81 594 245 639 strat
261 610 358 639 ur.
420 594 519 639 Cui
550 594 679 655 parti
711 595 977 640 consentio.¹
993 603 1023 621 ‘⁶
1050 611 1057 618 ·

164 690 405 755 Pag.*256.
433 711 482 740 v.
508 706 575 750 17.
609 703 677 750 ²8·
723 686 903 754 q'uam
944 695 1142 741 omnis
1170 674 1469 748 mtfn'duu
1517 712 1651 742 con-

1 829 11 837 ·
81 779 245 824 silio
287 775 497 840 igitur
534 804 593 813 —
648 780 936 836 particulam
977 781 1216 841 igitur,
1263 799 1404 843 quam
1445 782 1527 827 hic
1570 782 1647 827 ab·

78 880 183 912 'esse
214 865 428 910 malebat·
448 866 667 916 Ernesti,
721 866 1019 926 Quintiliani
1049 867 1304 913 auctoritas
1335 866 1368 912 l.
1400 879 1648 912 c.·tuetu1·.

1394 950 1399 979 ι

640 1022 791 1085 Cap.
868 1025 1108 1097 XXXV.

173 1140 398 1199 Pag.237.
422 1155 469 1184 v.
498 1146 567 1198 14.
593 1151 660 1194 15.
701 1150 1181 1201 pertractarunt
1210 1165 1268 1175 -
1312 1138 1389 1183 sie
1417 1138 1556 1183 Leid.
1587 1153 1651 1189 2..
1693 1157 1698 1165 ·

14 1276 17 1281 ¹
85 1224 219 1284 quod
260 1224 476 1285 simplici
500 1238 968 1270 -tractaverunt
1010 1238 1134 1269 recte
1166 1223 1396 1284 praetulit
1427 1219 1652 1271 Oudend.

85 1309 165 1354 Sic
194 1304 411 1354 infra‘If.
445 1319 514 1366 14.
565 1311 1001 1360 narrationem
1047 1326 1234 1370 saepe
1278 1327 1340 1355 ac
1384 1310 1654 1372 diligen-

83 1408 179 1440 tel'
219 1408 645 1458 PCI‘.t1‘aCta1‘e.

167 1497 277 1555 Pag.
310 1507 410 1550 257.
452 1512 501 1540 v.
543 1495 612 1539 16.
655 1485 725 1550 i7.
797 1494 863 1539 ab
918 1496 1135 1541 Aristo
1153 1494 1306 1546 tele‚
1359 1510 1416 1540 et
1460 1495 1650 1541 Theo-

14 1632 20 1636 *
80 1564 374 1642 ¹phi-asto,
431 1592 633 1655 atque⁸
672 1598 697 1624 a
750 1582 1050 1641 Peripate
1068 1581 1218 1626 ticis
1270 1605 1329 1615 —-
1411 1582 1650 1641 Vulgatus

84 1665 349 1711 verborum
394 1666 538 1711 ordo:
607 1665 674 1711 ab
726 1666 1115 1716 Aristotele,
1175 1679 1362 1726 atque
1418 1683 1443 1710 a
1497 1667 1655 1711 Peri-

84 1768 116 1811 p
133 1749 389 1796 ateticis
457 1768 480 1795 e
496 1764 515 1796 t
581 1752 706 1795 The
723 1768 792 1812 op
808 1751 915 1796 hra
931 1769 950 1796 s
967 1764 1052 1802 to,
1117 1752 1309 1811 ineptus
1361 1765 1454 1802 est,
1517 1753 1653 1812 quod

87 1836 476 1898 Theophrastum
506 1838 642 1899 quasi
670 1836 885 1882 excludit
923 1854 948 1881 e
976 1837 1405 1897 Peripateticorum
1433 1853 1654 1882 numero.

84 1925 193 1968 Hoc
222 1923 405 1969 vitatur
448 1924 820 1983 nranspositione
860 1937 1022 1968 nostra
1038 1955 1051 1973 ‚
1093 1901 1352 1972 Victorino
1397 1923 1539 1966 etiam
1575 1941 1653 1968 au-

86 2021 218 2054 ctore
249 2009 367 2052 facta
382 2041 394 2058 ‚
437 2025 527 2069 qua
558 2007 619 2053 fit
633 2041 645 2058 ,
666 2058 671 2063 ,
690 2021 747 2052 ut
775 2008 952 2053 ultimo
983 2008 1094 2052 loco
1127 2008 1418 2053 collocatum
1465 2026 1490 2052 a
1505 2022 1524 2053 t
1538 2026 1567 2069 q
1580 2026 1610 2052 u
1626 2025 1652 2053 ο

86 2105 113 2137 a
163 2094 618 2155 Peripateticis
682 2094 813 2138 idem
870 2094 1117 2155 significet
1173 2110 1223 2138 ac
1280 2110 1304 2138 c
1321 2112 1343 2138 e
1360 2107 1377 2138 t
1394 2094 1653 2156 erisque

88 2179 580 2240 Peripateticis.

617 2336 769 2397 Cap.
842 2337 1130 2384 XXXVI.

170 2451 280 2509 Pag.
311 2460 410 2504 237.
440 2461 584 2507 ταας).
647 2448 705 2493 et
747 2450 1009 2511 adiungi
1055 2463 1110 2494 et
1157 2448 1520 2510 separari—
1576 2448 1657 2493 Sic

87 2534 266 2578 rectius
296 2535 437 2581 Voss.
469 2550 510 2579 c.
546 2534 704 2579 Schol.
733 2536 872 2583 Voss.
909 2554 950 2580 ι.
983 2549 1023 2579 2.
1053 2535 1193 2579 Leid.
1224 2547 1264 2579 2.
1293 2547 1365 2591 5.,
1417 2549 1566 2595 quam
1603 2547 1658 2578 ut

88 2618 241 2678 vulgo
277 2618 524 2664 edebatur:
574 2619 849 2682 adiungi*
884 2634 938 2666 et
980 2620 1290 2681 separari.
1500 2623 1502 2627 ’

174 2721 282 2779 Pag.
320 2728 419 2774 258.
479 2735 526 2764 v.
569 2728 611 2775 5.
683 2719 820 2764 sine
888 2719 1345 2781 approbatione
1394 2746 1453 2757 --
1533 2720 1659 2770 „Sic

14 2856 18 2860 ,
88 2817 253 2847 omnes
298 2805 415 2849 Mss.
454 2804 613 2848 nostri
658 2805 773 2851 dant
813 2822 924 2850 cum
981 2806 1053 2850 ed.
1094 2804 1292 2851 omnib.
1384 2807 1455 2851 Ac
1495 2803 1659 2849 nullus

162 2901 266 2939 Noc.
291 2899 336 2937 in
360 2900 443 2939 cic.
469 2901 648 2940 Rheeor.
1533 2907 1593 2940 12
