1878 3198
284 194 385 238 AD
439 170 931 269 HERENsslUm
989 197 1085 240 ΙΙΙ.
1136 196 1203 239 16.
1254 208 1319 250 ι7.
1362 204 1429 252 18.
1484 213 1487 218 ·
1580 190 1661 260 77⁴

170 355 278 413 Pag.
321 353 394 411 96.
437 368 484 396 v.
534 369 598 395 ιι.
671 365 735 396 ut
774 352 1062 413 ingenio,
1109 354 1438 404 doctrina,
1479 343 1644 414 Israe-

87 440 391 497 ceptione
449 451 670 481 natura
711 439 992 484 nitescat
1040 463 1098 474 —-
1169 439 1434 484 Lambinus
1481 456 1645 485 secun-

84 524 201 571 dum
238 523 599 584 aliquot-codd.
641 524 816 568 edidit:
876 536 942 569 ut¹
978 525 1270 570 doctrina
1313 540 1368 570 et
1404 543 1644 588 praece-

81 610 307 671 ptione
350 612 566 654 natura
605 610 914 654 nitescat.
985 594 1244 672 vulgatam
1287 626 1443 659 tamen
1479 629 1644 661 veram

83 677 206 746 esse,
237 696 558 740 antecedentia
589 695 890 739 confirmant.
1445 736 1450 747 ,

165 785 273 842 Pag.
313 782 382 842 96.
425 799 471 827 v.
517 789 583 835 14.
629 793 699 837 15.
785 781 960 840 Quod
1003 782 1057 826 si
1107 781 1221 826 illi
1275 770 1433 828 fleti
1481 785 1646 844 inge-

46 914 48 917 ,
79 867 188 911 nio
219 883 354 918 suo,
386 880 606 912 nostro
638 883 761 911 non
791 868 1091 928 indigent
1144 880 1203 904 ‘-
1274 869 1351 912 Sic
1396 873 1510 914 Ern.
1545 871 1642 914 edi·

80 952 218 996 dit-e
265 953 374 998 Mss.
420 967 466 998 et
496 954 567 997 ed.
614 953 811 998 Mediol.
855 956 979 997 Iunt.
1028 967 1113 997 etc.
1194 954 1323 998 Alii:
1371 956 1546 1014 Quod
1589 957 1644 1001 si
1682 964 1687 971 “

79 1037 393 1085 illisi-eti
435 1040 705 1099 ingenio.
754 1051 975 1083 nostra
1018 1041 1474 1102 praeceptione
1517 1059 1643 1088 non

77 1123 469 1184 indigerent.
549 1126 683 1169 Idem
726 1141 813 1187 pro
858 1124 989 1184 vulg.
1034 1125 1282 1171 daretur
1322 1141 1449 1174 recte
1492 1129 1642 1174 edidit

82 1209 281 1255 datur.

655 1369 791 1428 Cap.
853 1369 1057 1434 XVII.
1644 1410 1668 1439 θ

159 1527 268 1584 Pag.
299 1523 369 1582 96.
399 1541 446 1569 v.
477 1533 551 1579 25.
583 1524 653 1568 26.
713 1524 950 1568 formae
982 1525 1308 1583 quaedam,
1361 1536 1635 1570 etnotae
1718 1563 1721 1565 .

76 1632 132 1642 -
164 1608 402 1654 formae
437 1611 737 1669 quaedam
767 1609 887 1652 iam
916 1622 1104 1654 notae
1137 1596 1239 1654 cod.
1264 1609 1401 1654 Erf„

639 1768 776 1827 Cap.
838 1768 1073 1813 XVIII.

160 1912 269 1970 Pag.
300 1921 370 1968 97.
398 1925 446 1954 v.
482 1923 525 1954 2.
586 1909 984 1954 constituere
1023 1934 1082 1944 -
1156 1909 1493 1953 continere
1525 1908 1631 1953 cod.

76 1994 248 2039 Medic.
287 1995 386 2038 Erf.

104 2058 107 2064 ἱ
159 2083 267 2139 Pag.
299 2092 369 2138 97.
398 2097 444 2124 v.
478 2097 544 2124 11.
615 2079 848 2123 multos
904 2079 1089 2123 nobis
1130 2101 1188 2112 —--
1227 2070 1479 2145 ¹m'ultos
1517 2094 1627 2124 nos

75 2165 267 2209 nobis
299 2167 430 2213 Voss.
465 2183 501 2209 1.
534 2165 671 2209 Leid.
702 2178 743 2208 2.
778 2176 820 2219 5.
851 2178 896 2208 et
927 2164 1097 2223 probat
1128 2163 1348 2207 Oudend.

87 2304 89 2307 .
157 2253 264 2310 Pag.
296 2264 365 2309 97.
396 2267 443 2295 v.
480 2259 546 2305 14.
627 2249 1127 2311 perturbatione
1169 2274 1226 2283 —-
1283 2247 1428 2308 Vulg.
1471 2247 1630 2292 ordi·
1682 2273 1685 2279 ι

73 2335 170 2380 nis
216 2336 466 2386 adiicitur,
512 2336 665 2394 quod,
710 2348 765 2379 ut
794 2335 1096 2395 superfluum
1126 2350 1177 2378 ac
1208 2347 1383 2384 temere
1413 2349 1472 2376 ex
1501 2346 1625 2377 ante·

73 2421 259 2464 cedenti
282 2437 423 2465 versu
446 2421 701 2480 repetitum
715 2453 727 2471 ‚
760 2419 930 2464 delevi.

157 2508 264 2566 Pag.
294 2519 364 2564 97.
394 2523 440 2550 v.
474 2506 557 2550 16.·
600 2506 702 2549 vel
742 2523 766 2549 a
804 2505 1006 2550 media
1061 2527 1120 2541 ⁶—-
1196 2506 1326 2548 Haec
1367 2502 1537 2548 absunt
1565 2503 1624 2548 ab

4 2578 15 2635 ζ
72 2590 172 2634 edd.
198 2607 268 2650 pr.
295 2587 342 2634 et
377 2589 542 2634 multis
570 2592 683 2635 Mss.

78 2688 79 2691 ’
157 2678 266 2735 Pag.
298 2689 367 2734 97.
402 2692 448 2720 V.
483 2684 547 2730 18.
606 2676 808 2720 videre
848 2698 906 2711 ·--
964 2675 1106 2735 Olimv
1138 2676 1191 2717 in
1226 2674 1623 2719 nonnullis'edd.

0 2743 20 2768 '⁴
73 2760 277 2806 cdere.
347 2762 439 2807 Sed
482 2761 705 2807 videre
757 2777 780 2805 e
823 2762 942 2808 Mss.
985 2761 1101 2807 bene
1146 2760 1359 2806 defendit
1403 2761 1618 2807 Gronov.
