1878 3198
180 190 617 254 numomc.
659 208 762 252 DE
800 189 1122 265 INVENT.
1180 209 1245 274 11.
1276 218 1485 267 57-59.
1546 180 1646 272 251

185 371 296 428 Pag.
320 375 420 423 528.
452 383 501 412 v.
529 378 571 421 7.
623 382 653 426 q
667 383 698 411 u
713 382 807 411 um
850 382 917 426 ge
930 382 1036 411 ner
1051 383 1075 411 e
1116 389 1172 399 —-
1234 365 1368 411 Olim
1414 364 1656 427 legebatur

97 435 311 514 primo*
350 469 479 507 cum
532 467 785 512 genere;
829 453 959 513 quod
995 452 1231 512 primo,
1274 469 1424 513 quum
1457 466 1656 513 prorsus

95 539 312 593 alienum
343 540 406 583 sit
418 571 430 589 ,
461 539 652 582 Ernesti
680 539 787 582 iure
818 554 902 582 suo
934 538 1182 598 expunxit.

186 643 422 699 Pag.52g.
467 650 607 693 v.15.
667 638 777 698 qui
817 623 1038 683 hostes
1082 663 1139 673 —-
1195 625 1356 688 esse,
1402 636 1532 698 quod
1574 635 1658 681 hic

100 724 357 771 addebatur
368 757 381 774 ,
415 723 535 768 bene
563 723 826 768 Lambinus
857 723 1050 768 delevit.
1483 713 1486 715 ,

183 827 293 885 Pag.
318 832 416 880 328.
450 841 496 869 v.
529 824 594 868 16.
652 823 822 867 redit
865 848 922 855 —
978 823 1170 867 Ernesti
1199 821 1294 867 hoc
1322 834 1449 866 recte
1479 821 1663 883 recepit

99 926 126 956 e
156 910 293 955 codd.
328 910 485 955 Guelf.
517 923 563 954 et
594 908 814 954 Oudend.
875 908 1009 976 Olim
1036 909 1091 952 in
1122 909 1225 954 edd.
1263 907 1490 952 rediit.

599 1082 750 1142 cap.
806 1079 1161 1135 XXXVIII.

183 1197 402 1256 Pag.329.
433 1210 480 1241 v.
497 1202 540 1251 4.
563 1205 610 1251 5.
653 1194 808 1240 falsa
849 1198 1106 1256 quadam
1133 1194 1574 1240 exornatione
1600 1216 1659 1229 ·-

101 1280 351 1343 Optimam
381 1281 502 1326 hanc
529 1282 787 1327 lectionem
816 1281 1046 1342 praebent
1075 1282 1211 1327 codd.
1241 1283 1379 1330 Voss.
1400 1297 1434 1324 1.
1463 1279 1599 1325 Leid.
1615 1288 1659 1332 5.

97 1364 236 1410 Olim
303 1366 526 1410 edebatur
595 1366 754 1410 falsa
802 1349 849 1426 ¹q
869 1369 1084 1411 uadam
1140 1368 1460 1416 oratione,
1529 1363 1660 1424 quod

97 1435 378 1496 Grortovius
420 1451 630 1494 mutavit
669 1451 724 1493 in
780 1449 898 1494 fals
913 1469 937 1493 a
980 1468 1093 1510 qua
1108 1453 1240 1495 dam
1284 1468 1352 1498 ex
1392 1467 1451 1494 ra
1468 1451 1661 1494 tione.

187 1538 294 1594 Pag.
319 1547 424 1595 529.
454 1552 502 1580 v.
537 1552 602 1579 11.
665 1550 693 1578 ο
706 1533 736 1578 b
750 1551 770 1578 s
786 1534 932 1579 titis
946 1551 965 1580 s
981 1550 1005 1578 e
1054 1558 1110 1570 -
1178 1537 1249 1578 Ita
1291 1551 1400 1579 cum
1445 1533 1660 1579 meliori-

97 1619 185 1665 bus
218 1621 323 1664 edd.
356 1619 623 1679 legendum.
684 1619 728 1664 O
742 1619 772 1663 b
789 1636 808 1664 s
821 1619 867 1663 ti
881 1633 899 1663 t
912 1610 964 1663 ss
980 1635 999 1663 s
1017 1636 1045 1663 e
1057 1632 1075 1663 t
1116 1619 1231 1664 falsa
1261 1633 1329 1665 est
1369 1618 1512 1664 lectio
1544 1634 1662 1678 quo-

98 1706 303 1751 rundam
331 1706 447 1750 Mss.
475 1705 600 1750 Oud.
632 1717 679 1750 et
706 1705 818 1757 edit.
855 1703 1142 1751 Omniboni.

622 1877 774 1937 Cap.
843 1876 1133 1921 XXXIX.

179 1992 288 2050 Pag.
316 2002 417 2046 350.
454 2005 501 2036 v.
528 2004 569 2049 9.
592 2006 654 2035 10.
727 2007 790 2035 ea
845 2008 916 2035 ex
963 1990 1273 2051 praemiis
1324 1989 1551 2050 pulcra
1601 2003 1663 2035 et

64 2094 67 2099 ¹
93 2076 201 2120 iuc
220 2077 381 2121 unda
432 2075 808 2122 hominibus
862 2076 1088 2127 videri,
1132 2100 1187 2108 —
1274 2075 1435 2136 Vulgo
1482 2076 1659 2136 legitur

93 2161 273 2207 velex
305 2163 616 2222 praemio,
660 2160 743 2208 vel
784 2162 1211 2221 experiund03
1266 2178 1467 2220 quarum
1497 2160 1662 2206 lectio-

95 2261 216 2305 me
243 2246 359 2291 haec
400 2247 596 2308 quidem
638 2260 797 2308 aperte
828 2259 1074 2306 corrupta,
1120 2245 1204 2290 illa
1245 2263 1384 2291 sensu
1424 2259 1534 2307 apto
1580 2247 1658 2291 de-

96 2320 263 2398 stithta
294 2345 374 2375 est.
450 2333 812 2378 Conectionem
843 2346 1054 2377 nostram
1084 2348 1322 2392 speramus
1358 2348 1445 2377 nos
1487 2332 1663 2377 harum

94 2404 262 2460 terfim
291 2416 482 2462 arbitris
514 2418 813 2479 probaturos.
872 2421 947 2462 Ex
966 2419 1202 2478 'praemiis
1234 2434 1297 2468 ea,
1333 2434 1453 2478 quae¹
1481 2434 1583 2463 rara
1614 2431 1662 2471 et

96 2501 245 2544 ardua
269 2500 395 2553 sint,
427 2503 590 2563 pulcra
619 2517 667 2548 et
694 2504 904 2548 iucunda
937 2503 1216 2548 hominibus
1246 2503 1432 2555 videri,
1464 2504 1659 2549 verissi-

93 2601 232 2629 mum
265 2600 347 2630 est.
408 2587 515 2640 Sin,
547 2602 602 2633 ut
630 2590 822 2634 Ernesti
852 2587 1066 2639 volebat,
1111 2605 1180 2633 ex
1219 2589 1496 2650 praemio
1526 2606 1662 2650 pror·

92 2686 170 2715 sus
214 2672 449 2724 deleatur,
505 2674 604 2718 exit
645 2675 898 2719 sententia:
954 2691 1072 2734 quae
1111 2690 1212 2718 rara
1269 2688 1316 2732 et
1360 2675 1501 2719 ardua
1544 2674 1657 2725 sint,

97 2754 387 2805 hominibus
421 2759 586 2818 pulcra
620 2772 667 2804 et
693 2760 902 2806 iucunda
932 2759 1116 2811 vide1·i;
1157 2777 1299 2821 quam
1340 2760 1424 2807 ille
1463 2761 1660 2821 quidem
1703 2750 1705 2752 ’

1051 2846 1064 2884 Ι
