1924 3224
1543 0 1557 27 ,·
1587 0 1769 30 vert-222³
1816 0 1834 15 ³
1867 15 1870 17 -

793 44 799 65 '
1579 55 1599 76 ο·

226 215 298 267 86
449 156 454 161 ¹
582 155 1441 248 R'Hn‘ronlc'onuin

340 377 421 411 10.
480 360 543 410 In
580 355 991 410 confirmatione
1027 368 1082 409 et
1119 355 1490 410 confutatione
1527 362 1803 432 argumenss
1837 368 1866 383 ‘⁴

225 447 493 498 tationum
531 445 911 514 dispositiones
946 443 1264 513 huiusmodi
1300 431 1804 506 convenitzh'aberez

225 524 560 582 firmissimas
587 532 1075 602 argumentationes
1100 532 1158 581 in
1187 532 1375 599 primis
1415 543 1469 582 et
1505 534 1563 582 in
1595 545 1804 601 postre·
1841 555 1843 558 ·

224 619 327 668 mis
379 634 568 667 causae
613 615 858 686 partibus
903 616 1194 682 collocare:
1247 617 1571 678 mediocres,
1623 630 1676 668 et
1713 632 1804 669 ne-

225 720 331 773 que
379 702 596 753 inutiles
647 702 716 751 ad
764 702 1079 762 dicendum,
1145 719 1316 773 neque
1364 706 1684 774 necessarias
1735 705 1804 758 ad

223 772 592 858 probandum,
633 806 796 858 quae,
848 790 896 838 si
929 791 1213 856 separatim
1250 806 1310 838 ac
1347 789 1605 861 singulae
1625 790 1804 840 dican-

222 886 354 933 tur,
391 872 642 924 infirmae
681 875 818 933 sint,
873 891 994 924 cum
1032 876 1220 924 ceteris
1259 877 1577 926 coniunctae
1613 873 1806 926 firmae

223 971 278 1010 et
312 959 616 1028 probabiles
656 958 826 1019 fiant,
895 962 1164 1029 interponi
1215 973 1268 1011 et
1315 963 1374 1011 in
1416 960 1603 1032 *medio
1642 959 1805 1011 collo-

223 1046 333 1095 cari
385 1058 615 1115 oportet.
713 1048 849 1097 Nam
897 1063 955 1096 re
995 1059 1207 1097 narrata
1223 1083 1239 1106 ,
1310 1047 1494 1097 statim
1533 1055 1805 1116 exspectat

222 1131 432 1182 animus
471 1133 763 1191 auditoris,
802 1149 864 1183 ex
900 1151 1017 1202 qua.
1043 1150 1100 1183 re
1138 1150 1294 1183 causa
1332 1130 1643 1184 confirmari
1669 1147 1805 1200 apos-

221 1218 310 1266 sit.
387 1217 727 1286 Quapropter
763 1219 1020 1268 continuo
1058 1217 1271 1268 firmam
1314 1219 1548 1289 aliquam
1586 1208 1803 1286 oportet

219 1298 418 1352 inferre
473 1304 1000 1374 argumentationem.
1094 1308 1165 1355 Et
1202 1307 1458 1374 quoniam
1494 1305 1807 1373 nuperrimo

222 1387 426 1437 dictum
463 1385 618 1439 facile
654 1391 940 1440 memoriae
962 1391 1275 1450 mandatur,
1316 1390 1449 1440 utile
1475 1400 1603 1450 ests
1629 1406 1811 1460 quum.

221 1473 396 1524 dicere
434 1474 764 1534 desinamus,
825 1466 1090 1527 recentem
1128 1476 1366 1546 aliquam
1403 1475 1703 1545 relinquere
1742 1477 1800 1526 in

222 1561 413 1610 animis
464 1561 776 1613 auditorum
823 1562 959 1612 bene
1010 1560 1223 1612 firmam
1262 1563 1797 1633 argumentationem.

220 1647 362 1695 Haec
398 1646 683 1715 dispositio
719 1648 993 1707 locorum,
1042 1660 1299 1717 tanquam
1337 1648 1625 1698 instructio
1663 1645 1801 1696 mili·

220 1742 368 1790 tum,
408 1730 658 1783 facillime
695 1735 751 1783 in
789 1734 1046 1793 dicendo,
1087 1736 1228 1795 sicut
1262 1733 1354 1783 illa
1391 1735 1450 1782 in
1483 1732 1798 1804 pugnando,

218 1834 406 1888 parare
443 1820 644 1885 poterit
679 1821 978 1870 victoriam.

334 1920 414 1952 11.
450 1904 1118 1955 Pronuntiationem
1159 1902 1321 1953 multi
1355 1902 1583 1953 maxime
1607 1902 1797 1955 utilem

222 1988 424 2037 oratori
465 1988 710 2038 dixerunt
747 2006 891 2048 esse,
973 2000 1027 2039 et
1065 1989 1132 2039 ad
1169 1973 1596 2056 persuadendum
1631 1989 1800 2058 pluri·

220 2089 367 2121 mum
407 2072 597 2124 valere.
670 2076 780 2126 Nos
824 2074 1040 2144 quidem
1077 2091 1239 2123 unam
1277 2073 1342 2124 de
1368 2076 1606 2146 quinque
1636 2074 1798 2125 rebus

217 2157 509 2226 plurimum
545 2177 702 2227 posse
739 2177 847 2210 non
885 2157 1039 2209 facile
1077 2160 1396 2222 dixerimus3
1437 2161 1549 2219 sed,
1588 2161 1799 2232 egregie

219 2261 467 2313 magnam
517 2262 628 2295 esse
682 2245 969 2295 utilitatem
1006 2247 1063 2295 in
1099 2247 1572 2315 pronuntiatione,
1640 2245 1798 2297 auda·

224 2339 336 2378 oter
384 2328 895 2382 confirmaverimus.
985 2333 1119 2382 Nam
1170 2332 1482 2383 commodae
1537 2332 1806 2383 inventio·

222 2430 343 2470 nes,
385 2425 437 2463 et
478 2419 767 2467 concinnae
803 2416 1086 2469 verborum
1125 2418 1532 2489 eloquutiones,
1585 2429 1639 2467 et
1682 2431 1802 2484 par-

221 2500 361 2549 tium
398 2516 586 2551 causae
637 2501 961 2555 artificiosae
1011 2504 1424 2572 dispositiones,
1513 2515 1567 2553 et
1602 2501 1798 2553 horum

222 2586 461 2634 omnium
524 2587 746 2660 diligens
811 2593 1093 2650 memoria,
1175 2592 1288 2640 sine
1334 2591 1796 2659 pronuntiatione,

221 2685 330 2719 non
369 2670 516 2738 pluS,
579 2692 739 2743 quam
777 2679 889 2726 sine
932 2675 1016 2728 his
1054 2674 1213 2726 rebus
1246 2676 1616 2744 pronuntiatio
1663 2674 1798 2735 sola,

217 2754 390 2807 valere
426 2761 642 2827 poterit.
751 2763 955 2830 Quare,
1022 2764 1149 2834 quia
1190 2779 1346 2813 nemo
1387 2763 1452 2815 de
1487 2778 1547 2814 ea
1581 2777 1640 2813 re
1680 2759 1799 2812 dili·
