<?xml version="1.0" encoding="UTF-8"?>
<!DOCTYPE html PUBLIC "-//W3C//DTD XHTML 1.0 Transitional//EN"
    "http://www.w3.org/TR/xhtml1/DTD/xhtml1-transitional.dtd">
<html xmlns="http://www.w3.org/1999/xhtml" xml:lang="en" lang="en">
 <head>
  <title>
</title>
<meta http-equiv="Content-Type" content="text/html;charset=utf-8" />
  <meta name='ocr-system' content='tesseract 3.04.00' />
  <meta name='ocr-capabilities' content='ocr_page ocr_carea ocr_par ocr_line ocrx_word'/>
</head>
<body>
  <div class='ocr_page' id='page_1' title='image "./p1selectedworkso01ciceuoft_0279.png"; bbox 0 0 1878 3198; ppageno 0'>
   <div class='ocr_carea' id='block_1_1' title="bbox 224 250 1664 317">
    <p class='ocr_par' dir='ltr' id='par_1_1' title="bbox 224 250 1664 317">
     <span class='ocr_line' id='line_1_1' title="bbox 224 250 1664 317; baseline 0.001 -19"><span class='ocrx_word' id='word_1_1' title='bbox 224 250 892 304; x_wconf 74' lang='lat' dir='ltr'>RHETORICORUM</span> <span class='ocrx_word' id='word_1_2' title='bbox 949 254 1108 298; x_wconf 89' lang='lat' dir='ltr'><strong>LIB.</strong></span> <span class='ocrx_word' id='word_1_3' title='bbox 1151 255 1198 295; x_wconf 88' lang='grc' dir='ltr'><strong>Ι.</strong></span> <span class='ocrx_word' id='word_1_4' title='bbox 1242 265 1321 300; x_wconf 85' lang='lat'><strong>20.</strong></span> <span class='ocrx_word' id='word_1_5' title='bbox 1363 268 1443 300; x_wconf 78' lang='lat'><strong>21.</strong></span> <span class='ocrx_word' id='word_1_6' title='bbox 1561 266 1664 317; x_wconf 76' lang='lat'><strong>215</strong></span> 
     </span>
    </p>
   </div>
   <div class='ocr_carea' id='block_1_2' title="bbox 97 412 1718 1848">
    <p class='ocr_par' dir='ltr' id='par_1_2' title="bbox 97 412 1672 1249">
     <span class='ocr_line' id='line_1_2' title="bbox 206 412 1667 473; baseline 0 -10"><span class='ocrx_word' id='word_1_7' title='bbox 206 412 612 466; x_wconf 81' lang='lat' dir='ltr'><strong>Probabilis</strong></span> <span class='ocrx_word' id='word_1_8' title='bbox 651 415 752 463; x_wconf 90' lang='lat' dir='ltr'><strong>erit</strong></span> <span class='ocrx_word' id='word_1_9' title='bbox 787 415 1054 473; x_wconf 85' lang='lat' dir='ltr'><strong>narratio,</strong></span> <span class='ocrx_word' id='word_1_10' title='bbox 1097 414 1143 463; x_wconf 89' lang='lat' dir='ltr'><strong>si</strong></span> <span class='ocrx_word' id='word_1_11' title='bbox 1170 414 1224 461; x_wconf 89' lang='lat' dir='ltr'><strong>in</strong></span> <span class='ocrx_word' id='word_1_12' title='bbox 1252 430 1310 461; x_wconf 86' lang='lat' dir='ltr'><strong>ea</strong></span> <span class='ocrx_word' id='word_1_13' title='bbox 1343 412 1667 463; x_wconf 88' lang='lat' dir='ltr'><strong>videbuntur</strong></span> 
     </span>
     <span class='ocr_line' id='line_1_3' title="bbox 98 496 1667 570; baseline -0.001 -20"><span class='ocrx_word' id='word_1_14' title='bbox 98 500 270 550; x_wconf 81' lang='lat' dir='ltr'><strong>inesse</strong></span> <span class='ocrx_word' id='word_1_15' title='bbox 295 517 390 570; x_wconf 72' lang='lat' dir='ltr'><strong>ea,</strong></span> <span class='ocrx_word' id='word_1_16' title='bbox 443 517 578 570; x_wconf 86' lang='lat' dir='ltr'><strong>quae</strong></span> <span class='ocrx_word' id='word_1_17' title='bbox 606 496 779 549; x_wconf 80' lang='lat' dir='ltr'><strong>solent</strong></span> <span class='ocrx_word' id='word_1_18' title='bbox 805 516 1053 566; x_wconf 86' lang='lat' dir='ltr'><strong>apparere</strong></span> <span class='ocrx_word' id='word_1_19' title='bbox 1081 500 1137 548; x_wconf 87' lang='lat' dir='ltr'><strong>in</strong></span> <span class='ocrx_word' id='word_1_20' title='bbox 1163 501 1415 557; x_wconf 78' lang='lat' dir='ltr'><strong>veritate;</strong></span> <span class='ocrx_word' id='word_1_21' title='bbox 1469 500 1515 547; x_wconf 84' lang='lat' dir='ltr'><strong>si</strong></span> <span class='ocrx_word' id='word_1_22' title='bbox 1553 516 1667 565; x_wconf 82' lang='lat' dir='ltr'><strong>per·</strong></span> 
     </span>
     <span class='ocr_line' id='line_1_4' title="bbox 99 581 1668 656; baseline -0.001 -22"><span class='ocrx_word' id='word_1_23' title='bbox 99 602 349 634; x_wconf 80' lang='lat' dir='ltr'><strong>sonarum</strong></span> <span class='ocrx_word' id='word_1_24' title='bbox 375 585 660 656; x_wconf 79' lang='lat' dir='ltr'>dignitates</span> <span class='ocrx_word' id='word_1_25' title='bbox 689 585 1068 644; x_wconf 84' lang='lat' dir='ltr'><strong>servabuntur3</strong></span> <span class='ocrx_word' id='word_1_26' title='bbox 1110 587 1154 633; x_wconf 85' lang='lat' dir='ltr'><strong>si</strong></span> <span class='ocrx_word' id='word_1_27' title='bbox 1189 601 1374 633; x_wconf 88' lang='lat' dir='ltr'><strong>causae</strong></span> <span class='ocrx_word' id='word_1_28' title='bbox 1402 581 1668 633; x_wconf 84' lang='lat' dir='ltr'><strong>factorum</strong></span> 
     </span>
     <span class='ocr_line' id='line_1_5' title="bbox 98 666 1668 730; baseline -0.003 -9"><span class='ocrx_word' id='word_1_29' title='bbox 98 669 409 730; x_wconf 81' lang='lat' dir='ltr'><strong>exstabunt;</strong></span> <span class='ocrx_word' id='word_1_30' title='bbox 463 672 509 719; x_wconf 86' lang='lat' dir='ltr'><strong>si</strong></span> <span class='ocrx_word' id='word_1_31' title='bbox 535 668 698 720; x_wconf 82' lang='lat' dir='ltr'><strong>fuisse</strong></span> <span class='ocrx_word' id='word_1_32' title='bbox 724 668 1001 719; x_wconf 81' lang='lat' dir='ltr'><strong>facultates</strong></span> <span class='ocrx_word' id='word_1_33' title='bbox 1039 666 1277 720; x_wconf 88' lang='lat' dir='ltr'><strong>faciundi</strong></span> <span class='ocrx_word' id='word_1_34' title='bbox 1312 667 1668 728; x_wconf 77' lang='lat' dir='ltr'><strong>videbuntur3</strong></span> 
     </span>
     <span class='ocr_line' id='line_1_6' title="bbox 100 745 1670 823; baseline -0.001 -19"><span class='ocrx_word' id='word_1_35' title='bbox 100 756 146 804; x_wconf 87' lang='lat' dir='ltr'><strong>si</strong></span> <span class='ocrx_word' id='word_1_36' title='bbox 170 766 376 823; x_wconf 88' lang='lat' dir='ltr'><strong>tempus</strong></span> <span class='ocrx_word' id='word_1_37' title='bbox 409 755 660 805; x_wconf 86' lang='lat' dir='ltr'><strong>idoneum</strong></span> <span class='ocrx_word' id='word_1_38' title='bbox 676 745 697 815; x_wconf 64' lang='grc' dir='ltr'><strong>ς’</strong></span> <span class='ocrx_word' id='word_1_39' title='bbox 734 758 779 805; x_wconf 89' lang='lat' dir='ltr'><strong>si</strong></span> <span class='ocrx_word' id='word_1_40' title='bbox 815 757 976 822; x_wconf 86' lang='lat' dir='ltr'><strong>spatii</strong></span> <span class='ocrx_word' id='word_1_41' title='bbox 1003 757 1162 814; x_wconf 87' lang='lat' dir='ltr'><strong>satis;</strong></span> <span class='ocrx_word' id='word_1_42' title='bbox 1214 752 1259 803; x_wconf 77' lang='lat' dir='ltr'><strong>s&#39;i</strong></span> <span class='ocrx_word' id='word_1_43' title='bbox 1293 755 1440 804; x_wconf 91' lang='lat' dir='ltr'><strong>locus</strong></span> <span class='ocrx_word' id='word_1_44' title='bbox 1480 771 1670 822; x_wconf 85' lang='lat' dir='ltr'><strong>oppor-</strong></span> 
     </span>
     <span class='ocr_line' id='line_1_7' title="bbox 98 837 1672 910; baseline 0 -22"><span class='ocrx_word' id='word_1_45' title='bbox 98 851 264 889; x_wconf 80' lang='lat' dir='ltr'><strong>tunus</strong></span> <span class='ocrx_word' id='word_1_46' title='bbox 303 840 371 890; x_wconf 90' lang='lat' dir='ltr'><strong>ad</strong></span> <span class='ocrx_word' id='word_1_47' title='bbox 413 858 527 889; x_wconf 89' lang='lat' dir='ltr'><strong>eam</strong></span> <span class='ocrx_word' id='word_1_48' title='bbox 564 858 703 900; x_wconf 88' lang='lat' dir='ltr'><strong>rem,</strong></span> <span class='ocrx_word' id='word_1_49' title='bbox 768 859 873 910; x_wconf 85' lang='lat' dir='ltr'><strong>qua</strong></span> <span class='ocrx_word' id='word_1_50' title='bbox 909 841 973 890; x_wconf 90' lang='lat' dir='ltr'><strong>de</strong></span> <span class='ocrx_word' id='word_1_51' title='bbox 1018 858 1074 890; x_wconf 91' lang='lat' dir='ltr'><strong>re</strong></span> <span class='ocrx_word' id='word_1_52' title='bbox 1111 840 1445 899; x_wconf 81' lang='lat' dir='ltr'><strong>narrabitur,</strong></span> <span class='ocrx_word' id='word_1_53' title='bbox 1503 837 1672 889; x_wconf 80' lang='lat' dir='ltr'><strong>fuisse</strong></span> 
     </span>
     <span class='ocr_line' id='line_1_8' title="bbox 99 925 1669 1000; baseline -0.001 -27"><span class='ocrx_word' id='word_1_54' title='bbox 99 925 435 1000; x_wconf 56' lang='lat' dir='ltr'><strong>ostendetun</strong></span> <span class='ocrx_word' id='word_1_55' title='bbox 477 927 522 974; x_wconf 88' lang='lat' dir='ltr'><strong>si</strong></span> <span class='ocrx_word' id='word_1_56' title='bbox 559 943 642 975; x_wconf 90' lang='lat' dir='ltr'><strong>res</strong></span> <span class='ocrx_word' id='word_1_57' title='bbox 681 937 732 975; x_wconf 80' lang='lat' dir='ltr'><strong>et</strong></span> <span class='ocrx_word' id='word_1_58' title='bbox 770 927 837 976; x_wconf 83' lang='lat' dir='ltr'><strong>ad</strong></span> <span class='ocrx_word' id='word_1_59' title='bbox 877 943 1089 983; x_wconf 89' lang='lat' dir='ltr'><strong>eorum,</strong></span> <span class='ocrx_word' id='word_1_60' title='bbox 1149 928 1244 995; x_wconf 84' lang='lat' dir='ltr'><strong>qui</strong></span> <span class='ocrx_word' id='word_1_61' title='bbox 1280 937 1466 997; x_wconf 85' lang='lat' dir='ltr'><strong>agent,</strong></span> <span class='ocrx_word' id='word_1_62' title='bbox 1518 936 1669 973; x_wconf 80' lang='lat' dir='ltr'><strong>natu·</strong></span> 
     </span>
     <span class='ocr_line' id='line_1_9' title="bbox 97 1006 1669 1081; baseline -0.001 -23"><span class='ocrx_word' id='word_1_63' title='bbox 97 1028 241 1068; x_wconf 86' lang='lat' dir='ltr'><strong>ram,</strong></span> <span class='ocrx_word' id='word_1_64' title='bbox 306 1022 358 1059; x_wconf 77' lang='lat' dir='ltr'><strong>et</strong></span> <span class='ocrx_word' id='word_1_65' title='bbox 396 1011 462 1060; x_wconf 88' lang='lat' dir='ltr'><strong>ad</strong></span> <span class='ocrx_word' id='word_1_66' title='bbox 500 1011 647 1081; x_wconf 83' lang='lat' dir='ltr'><strong>vulgi</strong></span> <span class='ocrx_word' id='word_1_67' title='bbox 682 1006 913 1069; x_wconf 84' lang='lat' dir='ltr'><strong>morem,</strong></span> <span class='ocrx_word' id='word_1_68' title='bbox 983 1022 1036 1060; x_wconf 85' lang='lat' dir='ltr'><strong>et</strong></span> <span class='ocrx_word' id='word_1_69' title='bbox 1077 1011 1143 1060; x_wconf 86' lang='lat' dir='ltr'><strong>ad</strong></span> <span class='ocrx_word' id='word_1_70' title='bbox 1183 1028 1398 1068; x_wconf 85' lang='lat' dir='ltr'><strong>eorum,</strong></span> <span class='ocrx_word' id='word_1_71' title='bbox 1455 1011 1550 1079; x_wconf 85' lang='lat' dir='ltr'><strong>qui</strong></span> <span class='ocrx_word' id='word_1_72' title='bbox 1582 1027 1669 1058; x_wconf 89' lang='lat' dir='ltr'><strong>au-</strong></span> 
     </span>
     <span class='ocr_line' id='line_1_10' title="bbox 98 1093 1670 1164; baseline -0.003 -18"><span class='ocrx_word' id='word_1_73' title='bbox 98 1095 277 1153; x_wconf 83' lang='lat' dir='ltr'><strong>dient,</strong></span> <span class='ocrx_word' id='word_1_74' title='bbox 342 1097 649 1163; x_wconf 86' lang='lat' dir='ltr'><strong>opinionem</strong></span> <span class='ocrx_word' id='word_1_75' title='bbox 682 1093 1186 1146; x_wconf 85' lang='lat' dir='ltr'><strong>accommodabitur.</strong></span> <span class='ocrx_word' id='word_1_76' title='bbox 1284 1098 1370 1159; x_wconf 58' lang='lat' dir='ltr'><strong>Ac</strong></span> <span class='ocrx_word' id='word_1_77' title='bbox 1406 1097 1518 1147; x_wconf 85' lang='lat' dir='ltr'><strong>veri</strong></span> <span class='ocrx_word' id='word_1_78' title='bbox 1555 1096 1670 1164; x_wconf 58' lang='lat' dir='ltr'><strong>qui-³</strong></span> 
     </span>
     <span class='ocr_line' id='line_1_11' title="bbox 98 1179 1332 1249; baseline -0.001 -19"><span class='ocrx_word' id='word_1_79' title='bbox 98 1180 219 1230; x_wconf 90' lang='lat' dir='ltr'><strong>dem</strong></span> <span class='ocrx_word' id='word_1_80' title='bbox 246 1180 432 1230; x_wconf 87' lang='lat' dir='ltr'><strong>similis</strong></span> <span class='ocrx_word' id='word_1_81' title='bbox 461 1198 521 1229; x_wconf 86' lang='lat' dir='ltr'><strong>ex</strong></span> <span class='ocrx_word' id='word_1_82' title='bbox 544 1179 626 1230; x_wconf 88' lang='lat' dir='ltr'><strong>his</strong></span> <span class='ocrx_word' id='word_1_83' title='bbox 656 1181 954 1231; x_wconf 84' lang='lat' dir='ltr'><strong>rationibus</strong></span> <span class='ocrx_word' id='word_1_84' title='bbox 983 1198 1093 1231; x_wconf 89' lang='lat' dir='ltr'><strong>esse</strong></span> <span class='ocrx_word' id='word_1_85' title='bbox 1115 1183 1332 1249; x_wconf 85' lang='lat' dir='ltr'><strong>poterit.</strong></span> 
     </span>
    </p>

    <p class='ocr_par' dir='ltr' id='par_1_3' title="bbox 99 1263 1718 1848">
     <span class='ocr_line' id='line_1_12' title="bbox 207 1263 1667 1334; baseline -0.002 -19"><span class='ocrx_word' id='word_1_86' title='bbox 207 1281 292 1315; x_wconf 68' lang='grc' dir='ltr'><strong>ει.</strong></span> <span class='ocrx_word' id='word_1_87' title='bbox 332 1265 470 1316; x_wconf 88' lang='lat' dir='ltr'><strong>Illud</strong></span> <span class='ocrx_word' id='word_1_88' title='bbox 508 1277 684 1315; x_wconf 82' lang='lat' dir='ltr'><strong>autem</strong></span> <span class='ocrx_word' id='word_1_89' title='bbox 722 1269 992 1334; x_wconf 83' lang='lat' dir='ltr'><strong>praeterea</strong></span> <span class='ocrx_word' id='word_1_90' title='bbox 1019 1267 1352 1317; x_wconf 87' lang='lat' dir='ltr'><strong>considerare</strong></span> <span class='ocrx_word' id='word_1_91' title='bbox 1380 1263 1667 1333; x_wconf 85' lang='lat' dir='ltr'><strong>oportebit,</strong></span> 
     </span>
     <span class='ocr_line' id='line_1_13' title="bbox 99 1346 1718 1420; baseline 0 -21"><span class='ocrx_word' id='word_1_92' title='bbox 99 1367 167 1400; x_wconf 88' lang='lat' dir='ltr'><strong>ne</strong></span> <span class='ocrx_word' id='word_1_93' title='bbox 202 1362 320 1409; x_wconf 83' lang='lat' dir='ltr'><strong>aut,</strong></span> <span class='ocrx_word' id='word_1_94' title='bbox 360 1370 525 1420; x_wconf 88' lang='lat' dir='ltr'><strong>quum</strong></span> <span class='ocrx_word' id='word_1_95' title='bbox 563 1351 706 1401; x_wconf 86' lang='lat' dir='ltr'><strong>obsit</strong></span> <span class='ocrx_word' id='word_1_96' title='bbox 741 1354 1007 1410; x_wconf 86' lang='lat' dir='ltr'><strong>narratio,</strong></span> <span class='ocrx_word' id='word_1_97' title='bbox 1051 1363 1146 1401; x_wconf 84' lang='lat' dir='ltr'><strong>aut</strong></span> <span class='ocrx_word' id='word_1_98' title='bbox 1182 1370 1348 1420; x_wconf 89' lang='lat' dir='ltr'><strong>quum</strong></span> <span class='ocrx_word' id='word_1_99' title='bbox 1389 1349 1524 1399; x_wconf 89' lang='lat' dir='ltr'><strong>nihil</strong></span> <span class='ocrx_word' id='word_1_100' title='bbox 1550 1367 1669 1416; x_wconf 90' lang='lat' dir='ltr'><strong>pro-</strong></span> <span class='ocrx_word' id='word_1_101' title='bbox 1716 1346 1718 1349; x_wconf 50' lang='grc'>’</span> 
     </span>
     <span class='ocr_line' id='line_1_14' title="bbox 100 1437 1669 1504; baseline -0.002 -19"><span class='ocrx_word' id='word_1_102' title='bbox 100 1439 202 1494; x_wconf 84' lang='lat' dir='ltr'><strong>sit,</strong></span> <span class='ocrx_word' id='word_1_103' title='bbox 256 1447 443 1493; x_wconf 29' lang='lat' dir='ltr'><strong>*tamen</strong></span> <span class='ocrx_word' id='word_1_104' title='bbox 480 1439 849 1504; x_wconf 85' lang='lat' dir='ltr'><strong>interponatur</strong></span> <span class='ocrx_word' id='word_1_105' title='bbox 862 1455 877 1497; x_wconf 88' lang='lat'>;</span> <span class='ocrx_word' id='word_1_106' title='bbox 937 1449 1029 1486; x_wconf 84' lang='lat' dir='ltr'><strong>aut</strong></span> <span class='ocrx_word' id='word_1_107' title='bbox 1069 1454 1178 1487; x_wconf 90' lang='lat' dir='ltr'><strong>non</strong></span> <span class='ocrx_word' id='word_1_108' title='bbox 1210 1437 1363 1494; x_wconf 83' lang='lat' dir='ltr'><strong>loco,</strong></span> <span class='ocrx_word' id='word_1_109' title='bbox 1416 1447 1507 1484; x_wconf 86' lang='lat' dir='ltr'><strong>aut</strong></span> <span class='ocrx_word' id='word_1_110' title='bbox 1543 1453 1669 1492; x_wconf 88' lang='lat' dir='ltr'><strong>non,</strong></span> 
     </span>
     <span class='ocr_line' id='line_1_15' title="bbox 103 1516 1672 1589; baseline -0.001 -20"><span class='ocrx_word' id='word_1_111' title='bbox 103 1522 554 1589; x_wconf 83' lang='lat' dir='ltr'><strong>quemadmodum</strong></span> <span class='ocrx_word' id='word_1_112' title='bbox 602 1540 759 1571; x_wconf 88' lang='lat' dir='ltr'><strong>causa</strong></span> <span class='ocrx_word' id='word_1_113' title='bbox 795 1522 1059 1589; x_wconf 85' lang='lat' dir='ltr'><strong>postulat,</strong></span> <span class='ocrx_word' id='word_1_114' title='bbox 1110 1534 1368 1571; x_wconf 84' lang='lat' dir='ltr'><strong>narretur.</strong></span> <span class='ocrx_word' id='word_1_115' title='bbox 1456 1516 1672 1570; x_wconf 78' lang='lat' dir='ltr'><strong>Obe&#39;st</strong></span> 
     </span>
     <span class='ocr_line' id='line_1_16' title="bbox 686 1594 1668 1676; baseline -0.002 -22"><span class='ocrx_word' id='word_1_116' title='bbox 686 1594 690 1596; x_wconf 31' lang='lat'>¹</span> <span class='ocrx_word' id='word_1_117' title='bbox 1404 1623 1559 1676; x_wconf 82' lang='lat' dir='ltr'><strong>gnam</strong></span> <span class='ocrx_word' id='word_1_118' title='bbox 1587 1622 1668 1653; x_wconf 84' lang='lat' dir='ltr'><strong>ex-</strong></span> 
     </span>
     <span class='ocr_line' id='line_1_17' title="bbox 100 1689 1669 1763; baseline -0.002 -23"><span class='ocrx_word' id='word_1_119' title='bbox 100 1693 234 1759; x_wconf 85' lang='lat' dir='ltr'><strong>cipit</strong></span> <span class='ocrx_word' id='word_1_120' title='bbox 268 1689 640 1751; x_wconf 85' lang='lat' dir='ltr'><strong>offensionem,</strong></span> <span class='ocrx_word' id='word_1_121' title='bbox 680 1712 840 1762; x_wconf 88' lang='lat' dir='ltr'><strong>quam</strong></span> <span class='ocrx_word' id='word_1_122' title='bbox 879 1692 1324 1763; x_wconf 82' lang='lat' dir='ltr'><strong>argumentando,</strong></span> <span class='ocrx_word' id='word_1_123' title='bbox 1365 1702 1418 1739; x_wconf 86' lang='lat' dir='ltr'><strong>et</strong></span> <span class='ocrx_word' id='word_1_124' title='bbox 1456 1707 1669 1738; x_wconf 88' lang='lat' dir='ltr'><strong>causam</strong></span> 
     </span>
     <span class='ocr_line' id='line_1_18' title="bbox 101 1776 1666 1848; baseline -0.001 -23"><span class='ocrx_word' id='word_1_125' title='bbox 101 1777 304 1848; x_wconf 83' lang='lat' dir='ltr'><strong>agendo</strong></span> <span class='ocrx_word' id='word_1_126' title='bbox 356 1777 512 1826; x_wconf 86' lang='lat' dir='ltr'><strong>leniri</strong></span> <span class='ocrx_word' id='word_1_127' title='bbox 565 1777 851 1844; x_wconf 85' lang='lat' dir='ltr'><strong>oportebit.</strong></span> <span class='ocrx_word' id='word_1_128' title='bbox 963 1778 1123 1843; x_wconf 81' lang='lat' dir='ltr'><strong>Quod</strong></span> <span class='ocrx_word' id='word_1_129' title='bbox 1175 1794 1341 1846; x_wconf 86' lang='lat' dir='ltr'><strong>quum</strong></span> <span class='ocrx_word' id='word_1_130' title='bbox 1399 1776 1666 1833; x_wconf 88' lang='lat' dir='ltr'><strong>acciderit,</strong></span> 
     </span>
    </p>
   </div>
   <div class='ocr_carea' id='block_1_3' title="bbox 101 1861 1669 1932">
    <p class='ocr_par' dir='ltr' id='par_1_4' title="bbox 101 1861 1669 1932">
     <span class='ocr_line' id='line_1_19' title="bbox 101 1861 1669 1932; baseline -0.001 -21"><span class='ocrx_word' id='word_1_131' title='bbox 101 1861 437 1912; x_wconf 85' lang='lat' dir='ltr'><strong>membratim</strong></span> <span class='ocrx_word' id='word_1_132' title='bbox 488 1862 756 1930; x_wconf 82' lang='lat' dir='ltr'><strong>oportebit</strong></span> <span class='ocrx_word' id='word_1_133' title='bbox 802 1875 976 1930; x_wconf 84' lang='lat' dir='ltr'><strong>partes</strong></span> <span class='ocrx_word' id='word_1_134' title='bbox 1027 1864 1105 1911; x_wconf 90' lang='lat' dir='ltr'><strong>rei</strong></span> <span class='ocrx_word' id='word_1_135' title='bbox 1159 1873 1333 1932; x_wconf 81' lang='lat' dir='ltr'><strong>gestae</strong></span> <span class='ocrx_word' id='word_1_136' title='bbox 1371 1861 1669 1931; x_wconf 83' lang='lat' dir='ltr'><strong>dispergere</strong></span> 
     </span>
    </p>
   </div>
   <div class='ocr_carea' id='block_1_4' title="bbox 101 1609 1399 1677">
    <p class='ocr_par' dir='ltr' id='par_1_5' title="bbox 101 1609 1399 1677">
     <span class='ocr_line' id='line_1_20' title="bbox 101 1609 1399 1677; baseline -0.001 -23"><span class='ocrx_word' id='word_1_137' title='bbox 101 1617 245 1662; x_wconf 87' lang='lat' dir='ltr'><strong>tum,</strong></span> <span class='ocrx_word' id='word_1_138' title='bbox 287 1625 451 1675; x_wconf 89' lang='lat' dir='ltr'><strong>quum</strong></span> <span class='ocrx_word' id='word_1_139' title='bbox 481 1609 646 1674; x_wconf 88' lang='lat' dir='ltr'><strong>ipsius</strong></span> <span class='ocrx_word' id='word_1_140' title='bbox 683 1610 759 1656; x_wconf 91' lang='lat' dir='ltr'><strong>rei</strong></span> <span class='ocrx_word' id='word_1_141' title='bbox 797 1619 972 1677; x_wconf 82' lang='lat' dir='ltr'><strong>gestae</strong></span> <span class='ocrx_word' id='word_1_142' title='bbox 1012 1609 1274 1674; x_wconf 83' lang='lat' dir='ltr'><strong>expositio</strong></span> <span class='ocrx_word' id='word_1_143' title='bbox 1315 1624 1399 1655; x_wconf 88' lang='lat' dir='ltr'><strong>ma</strong></span> 
     </span>
    </p>
   </div>
   <div class='ocr_carea' id='block_1_5' title="bbox 31 1945 1671 2614">
    <p class='ocr_par' dir='ltr' id='par_1_6' title="bbox 31 1945 1671 2614">
     <span class='ocr_line' id='line_1_21' title="bbox 103 1945 1670 2018; baseline -0.001 -22"><span class='ocrx_word' id='word_1_144' title='bbox 103 1948 159 1996; x_wconf 92' lang='lat' dir='ltr'><strong>in</strong></span> <span class='ocrx_word' id='word_1_145' title='bbox 190 1965 430 2006; x_wconf 89' lang='lat' dir='ltr'><strong>causam,</strong></span> <span class='ocrx_word' id='word_1_146' title='bbox 471 1960 522 1997; x_wconf 84' lang='lat' dir='ltr'><strong>et</strong></span> <span class='ocrx_word' id='word_1_147' title='bbox 548 1949 615 1998; x_wconf 88' lang='lat' dir='ltr'><strong>ad</strong></span> <span class='ocrx_word' id='word_1_148' title='bbox 638 1964 1067 2018; x_wconf 84' lang='lat' dir='ltr'><strong>unamquamque</strong></span> <span class='ocrx_word' id='word_1_149' title='bbox 1097 1945 1379 1996; x_wconf 84' lang='lat' dir='ltr'><strong>confestim</strong></span> <span class='ocrx_word' id='word_1_150' title='bbox 1407 1948 1670 1995; x_wconf 86' lang='lat' dir='ltr'><strong>rationem</strong></span> 
     </span>
     <span class='ocr_line' id='line_1_22' title="bbox 104 2033 1667 2100; baseline -0.001 -19"><span class='ocrx_word' id='word_1_151' title='bbox 104 2033 531 2091; x_wconf 88' lang='lat' dir='ltr'><strong>accommodare,</strong></span> <span class='ocrx_word' id='word_1_152' title='bbox 605 2045 668 2082; x_wconf 85' lang='lat' dir='ltr'><strong>ut</strong></span> <span class='ocrx_word' id='word_1_153' title='bbox 716 2034 924 2085; x_wconf 87' lang='lat' dir='ltr'><strong>vulneri</strong></span> <span class='ocrx_word' id='word_1_154' title='bbox 974 2044 1185 2100; x_wconf 86' lang='lat' dir='ltr'><strong>praesto</strong></span> <span class='ocrx_word' id='word_1_155' title='bbox 1226 2033 1667 2081; x_wconf 83' lang='lat' dir='ltr'><strong>medicamentum</strong></span> 
     </span>
     <span class='ocr_line' id='line_1_23' title="bbox 102 2115 1671 2187; baseline -0.001 -21"><span class='ocrx_word' id='word_1_156' title='bbox 102 2120 201 2176; x_wconf 82' lang='lat' dir='ltr'><strong>sit,</strong></span> <span class='ocrx_word' id='word_1_157' title='bbox 277 2129 331 2167; x_wconf 80' lang='lat' dir='ltr'><strong>et</strong></span> <span class='ocrx_word' id='word_1_158' title='bbox 383 2118 566 2168; x_wconf 89' lang='lat' dir='ltr'><strong>odium</strong></span> <span class='ocrx_word' id='word_1_159' title='bbox 618 2120 797 2167; x_wconf 83' lang='lat' dir='ltr'><strong>statim</strong></span> <span class='ocrx_word' id='word_1_160' title='bbox 846 2116 1083 2169; x_wconf 85' lang='lat' dir='ltr'><strong>defensio</strong></span> <span class='ocrx_word' id='word_1_161' title='bbox 1134 2119 1360 2187; x_wconf 85' lang='lat' dir='ltr'><strong>mitiget.</strong></span> <span class='ocrx_word' id='word_1_162' title='bbox 1470 2115 1671 2165; x_wconf 82' lang='lat' dir='ltr'><strong>Nihil</strong></span> 
     </span>
     <span class='ocr_line' id='line_1_24' title="bbox 31 2188 1666 2274; baseline -0.001 -23"><span class='ocrx_word' id='word_1_163' title='bbox 31 2260 38 2270; x_wconf 27' lang='lat' dir='ltr'><em>r</em></span> <span class='ocrx_word' id='word_1_164' title='bbox 101 2188 394 2270; x_wconf 53' lang='lat' dir='ltr'><strong>Prodest</strong></span> <span class='ocrx_word' id='word_1_165' title='bbox 436 2204 672 2253; x_wconf 87' lang='lat' dir='ltr'><strong>narratio</strong></span> <span class='ocrx_word' id='word_1_166' title='bbox 711 2215 867 2263; x_wconf 83' lang='lat' dir='ltr'><strong>tunc,</strong></span> <span class='ocrx_word' id='word_1_167' title='bbox 908 2223 1072 2274; x_wconf 87' lang='lat' dir='ltr'><strong>quum</strong></span> <span class='ocrx_word' id='word_1_168' title='bbox 1113 2214 1203 2251; x_wconf 83' lang='lat' dir='ltr'><strong>aut</strong></span> <span class='ocrx_word' id='word_1_169' title='bbox 1241 2202 1306 2251; x_wconf 74' lang='lat' dir='ltr'><strong>ab</strong></span> <span class='ocrx_word' id='word_1_170' title='bbox 1351 2202 1666 2252; x_wconf 84' lang='lat' dir='ltr'><strong>adversariis</strong></span> 
     </span>
     <span class='ocr_line' id='line_1_25' title="bbox 102 2286 1666 2354; baseline 0 -17"><span class='ocrx_word' id='word_1_171' title='bbox 102 2304 159 2337; x_wconf 90' lang='lat' dir='ltr'><strong>re</strong></span> <span class='ocrx_word' id='word_1_172' title='bbox 196 2289 460 2354; x_wconf 81' lang='lat' dir='ltr'><strong>exposita,</strong></span> <span class='ocrx_word' id='word_1_173' title='bbox 511 2301 692 2338; x_wconf 85' lang='lat' dir='ltr'><strong>nostra</strong></span> <span class='ocrx_word' id='word_1_174' title='bbox 726 2288 862 2338; x_wconf 83' lang='lat' dir='ltr'><strong>nihil</strong></span> <span class='ocrx_word' id='word_1_175' title='bbox 895 2291 1147 2347; x_wconf 89' lang='lat' dir='ltr'><strong>interest,</strong></span> <span class='ocrx_word' id='word_1_176' title='bbox 1205 2290 1400 2336; x_wconf 86' lang='lat' dir='ltr'><strong>iterum</strong></span> <span class='ocrx_word' id='word_1_177' title='bbox 1439 2298 1531 2335; x_wconf 85' lang='lat' dir='ltr'><strong>aut</strong></span> <span class='ocrx_word' id='word_1_178' title='bbox 1561 2286 1666 2337; x_wconf 89' lang='lat' dir='ltr'><strong>alio</strong></span> 
     </span>
     <span class='ocr_line' id='line_1_26' title="bbox 36 2373 1667 2443; baseline -0.001 -22"><span class='ocrx_word' id='word_1_179' title='bbox 36 2395 44 2401; x_wconf 88' lang='lat'><strong>·</strong></span> <span class='ocrx_word' id='word_1_180' title='bbox 102 2373 264 2423; x_wconf 87' lang='lat' dir='ltr'><strong>modo</strong></span> <span class='ocrx_word' id='word_1_181' title='bbox 299 2390 539 2422; x_wconf 83' lang='lat' dir='ltr'><strong>narrare:</strong></span> <span class='ocrx_word' id='word_1_182' title='bbox 580 2385 671 2422; x_wconf 83' lang='lat' dir='ltr'><strong>aut</strong></span> <span class='ocrx_word' id='word_1_183' title='bbox 709 2393 874 2443; x_wconf 86' lang='lat' dir='ltr'><strong>quum</strong></span> <span class='ocrx_word' id='word_1_184' title='bbox 910 2373 975 2422; x_wconf 89' lang='lat' dir='ltr'><strong>ab</strong></span> <span class='ocrx_word' id='word_1_185' title='bbox 1015 2376 1110 2431; x_wconf 83' lang='lat' dir='ltr'><strong>iis,</strong></span> <span class='ocrx_word' id='word_1_186' title='bbox 1156 2373 1539 2442; x_wconf 65' lang='lat' dir='ltr'><strong>quiaudiunt,</strong></span> <span class='ocrx_word' id='word_1_187' title='bbox 1590 2374 1667 2420; x_wconf 88' lang='lat' dir='ltr'><strong>ita</strong></span> 
     </span>
     <span class='ocr_line' id='line_1_27' title="bbox 104 2457 1665 2529; baseline -0.001 -22"><span class='ocrx_word' id='word_1_188' title='bbox 104 2469 314 2507; x_wconf 85' lang='lat' dir='ltr'><strong>tenetur</strong></span> <span class='ocrx_word' id='word_1_189' title='bbox 348 2460 651 2529; x_wconf 85' lang='lat' dir='ltr'><strong>negotium,</strong></span> <span class='ocrx_word' id='word_1_190' title='bbox 714 2472 777 2509; x_wconf 91' lang='lat' dir='ltr'><strong>ut</strong></span> <span class='ocrx_word' id='word_1_191' title='bbox 811 2471 992 2510; x_wconf 85' lang='lat' dir='ltr'><strong>nostra</strong></span> <span class='ocrx_word' id='word_1_192' title='bbox 1028 2458 1162 2507; x_wconf 86' lang='lat' dir='ltr'><strong>nihil</strong></span> <span class='ocrx_word' id='word_1_193' title='bbox 1195 2459 1405 2506; x_wconf 84' lang='lat' dir='ltr'><strong>intersit</strong></span> <span class='ocrx_word' id='word_1_194' title='bbox 1440 2475 1530 2507; x_wconf 84' lang='lat' dir='ltr'><strong>eos</strong></span> <span class='ocrx_word' id='word_1_195' title='bbox 1559 2457 1665 2506; x_wconf 82' lang='lat' dir='ltr'><strong>alio</strong></span> 
     </span>
     <span class='ocr_line' id='line_1_28' title="bbox 100 2544 1664 2614; baseline -0.001 -22"><span class='ocrx_word' id='word_1_196' title='bbox 100 2555 255 2610; x_wconf 82' lang='lat' dir='ltr'><strong>pacto</strong></span> <span class='ocrx_word' id='word_1_197' title='bbox 294 2544 496 2594; x_wconf 88' lang='lat' dir='ltr'><strong>docere.</strong></span> <span class='ocrx_word' id='word_1_198' title='bbox 575 2545 734 2609; x_wconf 83' lang='lat' dir='ltr'><strong>Quod</strong></span> <span class='ocrx_word' id='word_1_199' title='bbox 777 2563 941 2614; x_wconf 84' lang='lat' dir='ltr'><strong>quum</strong></span> <span class='ocrx_word' id='word_1_200' title='bbox 985 2544 1262 2600; x_wconf 88' lang='lat' dir='ltr'><strong>acciderit,</strong></span> <span class='ocrx_word' id='word_1_201' title='bbox 1304 2545 1521 2592; x_wconf 89' lang='lat' dir='ltr'><strong>omnino</strong></span> <span class='ocrx_word' id='word_1_202' title='bbox 1550 2560 1664 2591; x_wconf 86' lang='lat' dir='ltr'><strong>nar·</strong></span> 
     </span>
    </p>
   </div>
   <div class='ocr_carea' id='block_1_6' title="bbox 28 2629 1663 2696">
    <p class='ocr_par' dir='ltr' id='par_1_7' title="bbox 28 2629 1663 2696">
     <span class='ocr_line' id='line_1_29' title="bbox 28 2629 1663 2696; baseline -0.001 -19"><span class='ocrx_word' id='word_1_203' title='bbox 28 2646 30 2648; x_wconf 70' lang='grc'>’</span> <span class='ocrx_word' id='word_1_204' title='bbox 102 2630 307 2680; x_wconf 88' lang='lat' dir='ltr'><strong>ratione</strong></span> <span class='ocrx_word' id='word_1_205' title='bbox 353 2630 797 2696; x_wconf 84' lang='lat' dir='ltr'><strong>supersedendum</strong></span> <span class='ocrx_word' id='word_1_206' title='bbox 844 2642 939 2680; x_wconf 88' lang='lat' dir='ltr'><strong>est.</strong></span> <span class='ocrx_word' id='word_1_207' title='bbox 1048 2630 1192 2678; x_wconf 90' lang='lat' dir='ltr'><strong>Non</strong></span> <span class='ocrx_word' id='word_1_208' title='bbox 1243 2629 1400 2678; x_wconf 91' lang='lat' dir='ltr'><strong>loco</strong></span> <span class='ocrx_word' id='word_1_209' title='bbox 1453 2630 1663 2685; x_wconf 87' lang='lat' dir='ltr'><strong>dicitur,</strong></span> 
     </span>
    </p>
   </div>
   <div class='ocr_carea' id='block_1_7' title="bbox 98 2714 1665 2871">
    <p class='ocr_par' dir='ltr' id='par_1_8' title="bbox 98 2714 1665 2871">
     <span class='ocr_line' id='line_1_30' title="bbox 98 2714 1665 2782; baseline -0.001 -20"><span class='ocrx_word' id='word_1_210' title='bbox 98 2731 272 2782; x_wconf 83' lang='lat' dir='ltr'><strong>quum</strong></span> <span class='ocrx_word' id='word_1_211' title='bbox 312 2714 421 2764; x_wconf 85' lang='lat' dir='ltr'><strong>non</strong></span> <span class='ocrx_word' id='word_1_212' title='bbox 458 2717 514 2764; x_wconf 90' lang='lat' dir='ltr'><strong>in</strong></span> <span class='ocrx_word' id='word_1_213' title='bbox 549 2733 609 2765; x_wconf 91' lang='lat' dir='ltr'><strong>ea</strong></span> <span class='ocrx_word' id='word_1_214' title='bbox 647 2727 794 2782; x_wconf 85' lang='lat' dir='ltr'><strong>parte</strong></span> <span class='ocrx_word' id='word_1_215' title='bbox 832 2716 1091 2766; x_wconf 84' lang='lat' dir='ltr'><strong>orationis</strong></span> <span class='ocrx_word' id='word_1_216' title='bbox 1119 2714 1436 2772; x_wconf 85' lang='lat' dir='ltr'><strong>collocatur,</strong></span> <span class='ocrx_word' id='word_1_217' title='bbox 1476 2717 1530 2762; x_wconf 90' lang='lat' dir='ltr'><strong>in</strong></span> <span class='ocrx_word' id='word_1_218' title='bbox 1559 2730 1665 2780; x_wconf 86' lang='lat' dir='ltr'><strong>qua</strong></span> 
     </span>
     <span class='ocr_line' id='line_1_31' title="bbox 105 2800 1665 2871; baseline -0.002 -24"><span class='ocrx_word' id='word_1_219' title='bbox 105 2804 189 2857; x_wconf 78' lang='lat' dir='ltr'><strong>res</strong></span> <span class='ocrx_word' id='word_1_220' title='bbox 226 2800 492 2868; x_wconf 81' lang='lat' dir='ltr'><strong>postulat3</strong></span> <span class='ocrx_word' id='word_1_221' title='bbox 553 2817 660 2870; x_wconf 82' lang='lat' dir='ltr'><strong>quo</strong></span> <span class='ocrx_word' id='word_1_222' title='bbox 700 2801 765 2851; x_wconf 88' lang='lat' dir='ltr'><strong>de</strong></span> <span class='ocrx_word' id='word_1_223' title='bbox 803 2818 991 2871; x_wconf 87' lang='lat' dir='ltr'><strong>genere</strong></span> <span class='ocrx_word' id='word_1_224' title='bbox 1028 2815 1239 2869; x_wconf 80' lang='lat' dir='ltr'><strong>agemus</strong></span> <span class='ocrx_word' id='word_1_225' title='bbox 1281 2810 1437 2857; x_wconf 69' lang='lat' dir='ltr'><strong>tum,</strong></span> <span class='ocrx_word' id='word_1_226' title='bbox 1499 2814 1665 2868; x_wconf 82' lang='lat' dir='ltr'><strong>quum</strong></span> 
     </span>
    </p>
   </div>
  </div>
 </body>
</html>
