1924 3224
362 201 464 248 AD
524 201 1023 245 HERENNIUM
1080 201 1242 245 LIB.
1304 203 1356 246 1.
1419 209 1497 259 ¹4·
1654 218 1720 267 25

147 359 283 412 nihil
331 357 465 411 foris
504 371 835 418 assumatur,
877 373 1018 411 recte
1068 358 1272 410 factum
1314 379 1438 417 esse2>
1464 363 1714 415 dicemus.

143 449 220 497 Ea
259 459 338 496 est
375 445 713 498 huiusmodi:
763 446 959 495 Mimus
1005 446 1224 515 quidam
1267 449 1582 498 nominatim
1619 453 1718 500 Ac-

142 533 285 582 cium
312 543 526 598 poetam
554 530 890 598 compellavit
914 533 970 580 in
999 548 1169 580 scena.
1274 534 1406 582 Cum
1433 551 1497 584 eo
1522 538 1716 587 Accius

142 609 458 667 iniuriarum
498 619 625 686 agit.
713 618 811 666 Hic
848 614 985 666 nihil
1021 617 1167 667 aliud
1205 616 1476 676 defendit,
1516 621 1620 669 nisi
1655 620 1717 670 li-

101 753 110 770 )
143 719 259 752 cere
301 703 567 752 nominari
606 719 757 760 eum,
825 704 975 751 cuius
1035 705 1252 753 nomine
1290 707 1487 772 scripta
1526 706 1718 756 dentur

139 787 358 858 agenda.
445 788 686 836 Assum
703 790 851 838 tiva
889 806 1008 855 pars
1045 800 1154 847 est,
1208 808 1376 859 quum
1417 807 1510 857 per
1546 807 1599 840 se
1630 792 1714 841 de-

141 870 315 922 fensio
354 870 571 921 infirma
611 883 717 930 est,
783 873 876 922 sed
924 886 1158 923 assumta
1208 876 1433 923 extraria
1477 892 1533 923 re
1573 880 1713 925 cem·

139 956 415 1026 probatur.
512 958 851 1007 Assumtivae
893 970 1070 1025 partes
1115 970 1239 1008 sunt
1278 970 1538 1029 quatuor:
1593 977 1713 1012 con-

141 1046 341 1100 cessio,
380 1041 660 1091 translatio
689 1043 954 1102 cfiminis,
1007 1044 1235 1094 remotio
1264 1045 1531 1103 criminis,
1573 1062 1712 1096 com-

137 1131 365 1198 paratio.

244 1214 286 1262 C
313 1230 345 1263 o
373 1232 408 1262 n
431 1230 459 1262 c
485 1230 512 1262 e
541 1231 564 1263 s
591 1230 615 1264 s
643 1215 660 1262 i
688 1231 720 1265 o
772 1225 880 1271 est,
929 1231 1098 1284 quum
1143 1231 1262 1263 reus
1315 1215 1556 1282 postulat
1605 1215 1711 1266 sibi

136 1300 360 1371 ignosci.
434 1301 512 1349 Ea
551 1299 810 1349 dividitur
853 1290 910 1348 in
937 1301 1337 1370 purgationem,
1379 1312 1433 1350 et
1469 1301 1711 1370 depreca-

139 1387 358 1436 tionem.
432 1387 760 1455 Purgatio
801 1396 910 1442 est,
964 1403 1131 1454 quum
1171 1385 1415 1436 consulto
1455 1404 1510 1436 se
1553 1379 1713 1457 ‘negat

136 1477 256 1521 reus
310 1470 512 1520 fecisse.
599 1472 677 1519 Ea
728 1470 988 1520 dividitur
1042 1471 1099 1518 in
1150 1467 1457 1526 fortunam,
1511 1472 1709 1537 impru-

139 1556 405 1613 dentiam,
445 1555 908 1604 necessitudinem.
982 1555 1381 1614 Fortunam,
1426 1566 1484 1603 ut
1513 1546 1707 1622 Caepio

139 1641 207 1690 ad
246 1640 490 1689 tribunos
527 1639 597 1707 pl.
649 1641 713 1689 de
755 1641 1042 1689 amissione
1096 1641 1384 1700 exercitus;
1450 1642 1710 1706 impru-

139 1725 476 1796 dentiam,
530 1736 590 1773 ut
626 1725 743 1783 ille,
797 1727 891 1794 qui
941 1725 1006 1774 de
1056 1742 1118 1774 eo
1158 1742 1342 1782 servo,
1407 1727 1501 1796 qui
1539 1725 1708 1775 domi-

140 1830 268 1862 num
297 1811 595 1870 occiderat,
637 1813 722 1861 cui
750 1808 913 1860 frater
941 1821 1109 1868 esset,
1150 1810 1470 1878 supplicium
1495 1813 1709 1869 sumsit,

139 1909 427 1965 antequam
482 1896 690 1946 tabulas
742 1897 1046 1945 testamenti
1082 1898 1402 1963 aperuisset,
1458 1913 1621 1964 quum
1660 1896 1706 1945 is

138 2000 320 2032 servus
359 1984 715 2031 manumissus
752 1983 1070 2030 testamento
1110 1992 1276 2041 esset3
1317 1982 1705 2031 necessitu-

138 2067 394 2125 dinem,
432 2078 494 2115 ut
529 2065 652 2123 ille,
693 2067 787 2135 qui
826 2066 892 2114 ad
931 2066 1071 2115 diem
1110 2078 1434 2116 commeatus
1477 2085 1584 2116 non
1622 2085 1705 2118 ve·

138 2155 246 2211 nit,
286 2152 434 2221 quod
471 2169 591 2200 eum
627 2167 794 2220 aquae
831 2150 1268 2200 interclusissent.
1362 2153 1704 2219 Depreca-

138 2239 240 2287 tio
279 2249 388 2295 est,
432 2255 598 2306 quum
635 2248 687 2285 et.
724 2253 964 2304 peccasse
1002 2253 1087 2294 se,
1140 2248 1192 2286 et
1231 2235 1476 2286 consulto
1516 2234 1706 2287 fecisse

136 2339 258 2371 reus
298 2318 620 2380 confitetur,
694 2332 746 2370 et
783 2333 961 2371 tamen
997 2320 1263 2390 postulat,
1332 2332 1391 2370 ut
1429 2322 1515 2370 sui
1552 2323 1708 2371 mise-

136 2419 333 2457 reatur.
411 2408 524 2456 Hoc
558 2409 615 2456 in
651 2408 852 2457 iudicio
882 2404 989 2455 fere
1017 2423 1123 2455 non
1150 2416 1326 2472 potest
1352 2397 1454 2455 usu
1496 2407 1702 2464 venire3

140 2493 275 2550 nisi,
328 2491 542 2561 quando
591 2507 689 2558 pro
741 2509 804 2541 eo
856 2492 1110 2548 dicimus,
1166 2492 1316 2539 cuius
1356 2490 1525 2539 multa
1562 2502 1703 2541 recte

139 2573 281 2625 facta
306 2587 584 2634 constant,
632 2575 736 2626 hoe
767 2576 927 2626 modo
955 2579 1009 2624 in
1035 2576 1156 2625 loco
1186 2577 1456 2624 communi
1479 2593 1571 2641 per
1598 2593 1703 2624 am·-

137 2658 526 2730 plificationem
575 2663 905 2712 iniiciemus:
984 2660 1196 2725 „Quod
1234 2662 1280 2709 si
1317 2659 1430 2743 blioc
1473 2657 1702 2718 fecisset,

137 2758 315 2797 tamen
345 2747 393 2795 ei
416 2763 526 2814 vpro
553 2748 793 2814 pristinis
833 2743 1107 2796 beneficiis
1138 2745 1342 2813 ignosci
1369 2742 1702 2795 eonveniret:

135 2847 319 2882 verum
362 2830 498 2881 nihil
546 2831 783 2899 postulat
814 2833 1078 2902 ignosci.“
1155 2832 1318 2900 Ergo
1356 2831 1413 2878 in
1449 2829 1706 2902 iudicium
