1924 3224
266 205 366 250 AD
424 199 924 246 HERENNIUM
980 198 1145 242 LIB.
1201 199 1252 242 Ι.
1297 214 1376 242 ιι.
1423 211 1501 244 12.
1623 221 1687 271 ¹9

124 366 547 439 cognoverimus·
627 362 934 412 ‘Causarum
972 359 1384 410 constitutiones
1425 357 1516 408 alii
1556 378 1684 431 qua—

123 466 250 504 tuor
286 449 557 509 fecerunt3
623 458 806 497 noster
856 446 1047 496 doctor
1083 447 1298 494 Hermes
1332 455 1439 493 tres
1475 449 1688 516 putavit

122 554 266 597 esse3
316 553 426 586 non
483 546 544 583 ut
595 533 659 583 de
698 532 912 582 illorum
949 531 1235 599 quicquam
1274 523 1573 581 detraheret
1609 534 1687 597 in-

121 624 399 678 ventione,
440 619 532 669 sed
574 631 635 668 ut
673 617 1004 674 ostenderet,
1045 615 1131 673 id,
1173 615 1322 684 quod
1362 608 1715 683 oportuisset*

122 708 431 776 simpliciter
468 722 527 754 ac
565 703 820 774 singulari
866 702 1026 752 modo
1079 701 1289 760 doceri,
1348 700 1469 752 illos
1508 701 1684 752 distri·

109 793 300 862 ‚buisse
328 791 609 859 dupliciter
644 801 697 838 et
719 788 994 856 bipertito.

230 877 674 929 Constitutio
722 886 802 923 est
837 875 1006 940 prima
1055 873 1351 940 deprecatio
1391 870 1684 925 defensoris

120 982 241 1015 cum
281 962 606 1013 accusatoris
642 959 1040 1008 insimulatione
1076 961 1377 1009 coniuncta.
1477 958 1682 1010 Consti-

119 1052 356 1099 tutiones
400 1050 612 1116 itaque,
653 1057 716 1094 ut
752 1057 872 1095 ante
912 1046 1169 1102 diximus,
1209 1056 1315 1094 tres
1355 1056 1509 1103 sunt,
1563 1062 1683 1095 con·

119 1133 407 1191 iecturalis,
446 1133 698 1202 legitima,
738 1129 1069 1180 iuridicialis.
1159 1130 1684 1180 Coniecturalis

120 1231 230 1277 est,
284 1237 448 1288 quum
487 1218 551 1267 de
588 1215 732 1266 facto
772 1216 1134 1266 controversia
1171 1226 1279 1271 est,
1336 1212 1440 1264 hoc
1491 1215 1650 1266 modo
1666 1232 1684 1286 :y

115 1307 261 1356 Aiax·
285 1303 528 1362 insilva,
569 1315 854 1372 postquam
890 1302 1132 1359 rescivit,
1167 1316 1302 1368 quae
1339 1296 1552 1350 fecisset
1588 1318 1684 1368 per

118 1391 413 1448 insaniam,
478 1389 656 1459 gladio
720 1386 979 1437 incubuit.
1048 1447 1051 1451 .
1086 1385 1329 1454 Ulysses-
1364 1387 1682 1447 intervenit;

119 1476 354 1525 occisum
402 1477 770 1541 conspicatum
845 1490 873 1523 e
924 1488 1145 1539 corpore
1190 1470 1356 1519 telum
1405 1483 1683 1540 cruentum

119 1561 312 1610 educit.
415 1562 615 1609 Teucer
652 1560 962 1616 intervenit3
1014 1555 1230 1607 fratrem
1269 1558 1531 1614 occisum,
1582 1557 1686 1605 inis

116 1647 316 1694 micum
367 1641 547 1694 fratris
598 1662 716 1693 cum
764 1643 941 1715 gladio
994 1652 1215 1691 cruento
1263 1641 1441 1700 videt;
1489 1643 1681 1708 capitis

119 1732 352 1780 arcessit.
428 1732 555 1788 Hic,
619 1731 875 1799 quoniam
914 1729 1218 1778 coniectura
1254 1743 1435 1777 verum
1475 1729 1681 1796 quaeri-

115 1827 231 1874 tur,
298 1816 364 1865 de
413 1813 555 1865 facto
608 1817 708 1864 erit
744 1814 1131 1870 controversia,
1199 1823 1251 1860 et
1288 1829 1348 1861 ex
1385 1829 1447 1863 eo
1485 1813 1682 1862 consti-

116 1894 257 1951 tutio
294 1918 480 1950 causae
519 1899 888 1951 coniecturalis
926 1900 1250 1947 nominatur.

231 2001 312 2036 12.
351 1988 693 2056 Legitima
730 1985 1040 2035 constitutio
1070 1995 1167 2041 est,
1207 2001 1375 2052 quum
1399 1985 1455 2033 iu
1479 1986 1678 2052 scriPto

117 2072 325 2141 aliquid
349 2073 742 2122 controversiae
775 2074 1024 2119 nascitur.
1097 2072 1176 2119 Ea
1201 2069 1458 2119 dividitur
1482 2070 1538 2117 in
1561 2086 1679 2135 par-

115 2168 196 2205 tes
226 2173 346 2215 sex,
410 2157 665 2222 scriptum
706 2166 758 2203 et
792 2140 1137 2213 sententiam,
1190 2156 1480 2203 contrarias
1516 2154 1718 2224 leges„

117 2239 453 2310 ambiguum,
523 2238 918 2300 definitionem,
973 2240 1403 2298 translationem,
1465 2239 1676 2288 ratioci-
1719 2232 1721 2234 ’

116 2328 405 2376 nationem.

220 2412 300 2460 Ex
351 2412 612 2478 scripto
662 2424 728 2462 et
775 2414 1127 2462 sententia
1176 2411 1408 2460 nascitur
1462 2421 1672 2460 contro-

117 2497 303 2552 versia,
332 2514 497 2564 quum
525 2497 735 2546 videtur
760 2499 1035 2565 scriptoris
1059 2497 1304 2548 voluntas
1331 2513 1449 2545 cum
1476 2497 1675 2562 scripto

116 2581 236 2647 ipso
276 2581 586 2639 dissentire,
649 2581 752 2631 hoc
788 2583 979 2632 modo:
1045 2583 1126 2632 Sit
1161 2581 1270 2639 lex,
1310 2597 1446 2650 quae
1474 2579 1674 2637 iubeat,

118 2681 237 2723 eos,
303 2668 396 2734 qui
445 2678 660 2733 propter
706 2677 1072 2734 tempestatem
1122 2667 1299 2716 navim
1345 2665 1673 2734 reliquerint,

117 2751 295 2799 omnia
331 2751 576 2817 perdere3
643 2768 824 2800 eorum
862 2754 1069 2810 navim,
1123 2762 1397 2820 ceteraque
1434 2767 1575 2808 esse,
1629 2740 1676 2798 si

115 2835 264 2885 navis
328 2847 634 2886 conservata
697 2838 793 2895 sit,
868 2839 965 2906 qui
1017 2847 1364 2885 remanserint
1422 2837 1478 2882 in
1529 2834 1668 2883 navi.
