1878 3198
258 270 931 335 RHETORIQORUM
996 262 1490 326 ⁷L1B··1·52.53·-
1582 282 1689 343 259

117 442 269 504 cepta
307 453 336 484 a
374 434 535 486 nobis.
576 436 787 502 partim,
821 433 943 484 data
981 443 1134 490 sunt,
1197 433 1393 500 partim
1430 435 1535 483 su'o'
1564 430 1684 484 loco

117 521 401 580 dabuntur.
474 518 642 570 'Nobis
687 530 871 568 'autem
909 522 1018 569 non
1048 507 1254 586 placet,
1308 517 1684 586 hanc-partem

115 607 174 656 in
210 621 435 675 numer-o
467 607 686 673 reponi,
762 604 908 674 quod
950 605 1015 654 de
1065 620 1220 654 causa
1248 604 1515 674 degredi,
1578 605 1691 652 nisi

115 695 227 760 p'er·
257 691 435 743 locum
485 687 849 750 communem,
909 689 1181 757 displicet;
1248 707 1356 758 quo
1397 690 1460 739 de
1499 705 1687 759 genere

114 779 381 845 posterius
421 789 499 826 est
535 777 835 827 dicendum.
933 776 1139 825 Laudes
1179 787 1355 825 autem
1393 786 1447 824 et
1482 776 1700 842 vitupe-‘

114 864 347 912 rationes
386 879 494 913 non
532 864 812 929 separatim
849 861 1021 928 placet
1057 862 1304 918 tractari,
1349 860 1442 910 sed
1470 862 1526 908 in
1555 861 1686 927 ipsis

117 946 669 1018 argumentationibus
710 964 821 996 esse
858 946 1160 1014 implicitae.
1234 945 1389 995 Nunc
1426 947 1591 1015 igitur
1620 945 1686 995 de

116 1021 455 1084 'conclusione
494 1034 745 1083 dicemus.

245 1131 331 1178 53.
408 1119 784 1169 Conclusio
847 1128 925 1167 est
975 1118 1143 1166 exitus
1212 1128 1266 1167 et
1314 1117 1686 1167 determinatio

115 1206 283 1255 totius
323 1205 596 1254 orationis.
683 1203 822 1251 Haec
868 1201 1029 1251 habet
1064 1213 1417 1270 partes‘tres,
1478 1219 1693 1251 enume«

115 1291 408 1348 rationem,
449 1289 899 1360 indignationem,
954 1291 1407 1357 conquestionem.
1507 1290 1688 1338 Eun*

116 1378 407 1425 mei-atio
457 1386 565 1433 est,
627 1390 722 1441 per
771 1391 931 1444 quam
980 1391 1062 1423 res
1114 1375 1349 1441 disperse
1407 1385 1460 1422 et
1498 1372 1690 1424 diffuse

117 1460 321 1519 dictae,
378 1479 545 1509 unum
582 1462 639 1508 in
675 1460 852 1510 locum
891 1473 1182 1531 coguntur,
1225 1471 1278 1508 et
1313 1459 1690 1540 reminiscendi

118 1563 306 1618 causa,
347 1564 511 1594 unum
549 1544 647 1595 sub
687 1557 960 1612 aspectum
999 1545 1375 1595 subiiciuntur.
1465 1546 1615 1593 Haec'
1642 1545 1690 1593 si

119 1648 323 1698 semper
345 1632 531 1680 eodem
554 1631 716 1680 modo
743 1630 1086 1689 tractabitur,
1126 1632 1401 1698 perspicue
1428 1628 1492 1678 ab
1521 1630 1690 1678 omni·

117 1714 219 1766 bus
252 1713 483 1765 artificio
514 1715 746 1785 quodam
778 1717 997 1768 tractari
1022 1714 1375 1784 intelligetur3
1417 1716 1498 1763 sin
1524 1715 1689 1772 varie,

120 1813 175 1851 et
210 1800 346 1850 hanc
383 1803 771 1867 suspicionem,
844 1812 897 1849 et
934 1802 1231 1849 satietatem
1269 1801 1436 1849 vitare
1472 1801 1687 1866 poterit.

121 1887 298 1952 Quare
346 1897 462 1935 tum
513 1885 784 1952 oportebit
832 1887 906 1934 ita
956 1883 1157 1942 facere,
1219 1895 1278 1933 ut
1335 1883 1575 1953 plerique
1613 1881 1690 1932 fa·-

121 1973 269 2021 ciunt
314 1982 530 2039 propter
565 1968 917 2030 facilitatem,
979 1969 1289 2041 singillatim
1341 1986 1690 2038 unamquam-

37 2079 46 2095 ν
121 2073 224 2126 que
260 2073 372 2105 rem
410 2058 700 2126 attingere,
754 2066 806 2104 et
853 2057 929 2104 ita
980 2071 1160 2104 omues
1197 2057 1422 2104 transire
1459 2053 1692 2105 breviter

122 2143 636 2212 argumentationes:
700 2151 815 2189 tum
855 2151 1061 2198 autem,
1124 2140 1182 2189 id
1232 2141 1379 2209 quod
1418 2138 1690 2190 difficilius

121 2238 231 2286 est,
287 2227 487 2284 dicere,
543 2243 674 2295 quas
728 2237 903 2292 partes
943 2227 1244 2292 exposueris
1285 2228 1341 2273 in
1377 2225 1688 2291 partitione,

121 2313 187 2361 de
226 2311 420 2379 quibus
472 2323 523 2359 te
571 2311 838 2378 pollicitus
880 2313 951 2359 sis
991 2311 1288 2367 dicturum,
1353 2322 1406 2358 et
1441 2308 1694 2358 reducere

120 2399 178 2446 in
232 2398 574 2453 memoriam,
641 2395 836 2464 quibus
899 2395 1199 2446 rationibus
1260 2409 1693 2463 unamquamque

120 2494 322 2550 partem
385 2478 751 2540 confirmaris;
815 2492 930 2529 tum
995 2478 1061 2530 ab
1113 2483 1206 2538 iis,
1273 2481 1370 2548 qui
1433 2472 1690 2536 audiunt,

124 2583 403 2636 quaerere,
466 2566 598 2633 quid
636 2568 732 2623 sit,
798 2566 944 2634 quod
981 2565 1084 2615 sibi
1137 2564 1302 2614 velint
1340 2563 1565 2630 amplius
1605 2564 1693 2614 de-

123 2643 428 2701 monstrari.
519 2652 600 2698 Ita
638 2651 796 2699 simul
833 2663 886 2700 et
923 2653 978 2699 in
1016 2650 1327 2698 memoriam
1363 2647 1578 2698 redibit
1601 2667 1691 2697 au-

125 2737 301 2791 ditor.
342 2747 394 2784 et
419 2734 630 2803 putabit
667 2734 800 2785 nihil
840 2753 952 2785 esse
989 2747 1287 2801 praeterea,
1329 2735 1475 2803 quod
1504 2733 1697 2783 debeat

127 2821 440 2872 desiderare.
516 2823 692 2891 Atque
716 2822 771 2868 in
797 2820 882 2870 his
909 2819 1188 2889 generibus
1219 2821 1312 2884 (ut
1339 2832 1460 2869 ante
1489 2819 1693 2869 dictum
