1924 3224
354 216 356 218 ’
418 202 438 224 ⁸
599 243 636 285 (3
695 243 738 287 A
800 245 832 286 P
893 245 934 286 U
968 234 1038 286 ’Τ
1156 245 1235 287 Ιῐ.
1618 245 1708 293 LV

139 403 317 465 affert
358 426 434 464 ex
473 404 861 477 Rhetoricis,
895 404 966 462 in
1010 390 1397 464 Oratore'ad·
1426 408 1518 464 M.
1548 408 1704 464 Bru·-

90 537 93 540 ’
140 536 277 579 tum
320 521 746 599 quaerendum
788 527 923 579 esse
949 518 1272 598 putabant.
1318 515 1484 578 ”Sed
1515 521 1569 579 si
1597 535 1703 579 ve-

121 644 206 694 ‘ra
234 650 329 694 est
369 635 541 714 apud
584 634 1059 715 Quintilianum
1103 634 1464 694 lectio':''·in
1512 636 1704 694 Rhe-

138 764 165 807 t
185 772 272 809 or
291 750 315 807 i
335 770 366 807 c
385 749 487 822 is,
549 751 855 809 memoria
905 750 1042 808 sine
1085 749 1280 807 dubio
1310 751 1543 829 “lapsus
1591 765 1703 810 est.

107 943 110 946 Δ
134 866 424 923 Primum
445 865 617 923 enim
638 865 853 924 Cicero
879 865 951 922 in
985 866 1083 922 his
1101 863 1283 923 libris
1317 869 1361 922 Ι.
1385 884 1440 938 7.
1473 866 1707 929 diserte

142 980 424 1059 quinque
462 994 669 1058 partes
713 981 863 1038 artis
905 979 1249 1038 rhetoricae
1290 976 1475 1052 facit,
1521 973 1706 1038 nulla

139 1087 468 1154 mentione
495 1094 719 1151 iudicii
749 1095 998 1153 iniecta.
1056 1096 1306 1154 Deinde
1322 1113 1440 1152 nec
1461 1094 1614 1152 alibi
1633 1094 1707 1152 in
1780 1148 1785 1150 ,

137 1209 319 1268 libris
366 1209 441 1290 de
490 1209 875 1268 Inventione
921 1210 1172 1288 uspiam
1200 1208 1704 1280 occurritlo'ous,

139 1323 252 1381 ubi
285 1323 596 1381 iudicium
627 1324 999 1383 inventioni
1033 1323 1387 1383 subiecerit.
1463 1329 1706 1400 Nempe
1767 1309 1769 1311 ‚

140 1438 309 1497 illud
357 1438 780 1496 subiicere
828 1461 921 1517 ap.
958 1439 1256 1519 Quintil.‚
1328 1438 1500 1516 quod
1539 1452 1705 1495 recte

141 1553 547 1633 Spaldingius
576 1553 863 1625 monuit,
911 1574 1047 1611 non
1094 1568 1187 1611 est
1216 1553 1255 1610 i.
1297 1574 1351 1630 q.
1384 1553 1705 1609 secundam

140 1681 380 1746 partem
408 1689 734 1737 numerare,
753 1668 860 1725 sed
877 1668 1093 1745 potius
1110 1673 1415 1746 tanquam
1431 1666 1704 1745 speciem

141 1778 1085 1861 sub'generecomprehendere;
1119 1783 1284 1841 sicut
1309 1795 1527 1860 pos-tea
1543 1784 1704 1838 Her-

138 1870 467 1976 'magoram
508 1895 664 1954 dicit
702 1894 1048 1970 iudicium,
1104 1896 1553 1975 partitionem,
1591 1916 1704 1953 or·

142 2010 395 2082 dinem,
458 2032 737 2089 quaeque
786 2012 1221 2090 eloquutionis
1267 2027 1434 2083 sunt,
1483 2031 1621 2068 oec
1644 2031 1707 2067 o·

141 2145 186 2180 n
210 2146 246 2182 o
265 2124 418 2193 mia
434 2145 464 2182 e
541 2147 568 2184 s
587 2126 681 2182 ub
700 2126 769 2183 ie
790 2127 858 2184 ci
879 2147 906 2184 s
927 2147 952 2185 s
976 2148 1023 2183 e.
1150 2131 1430 2186 Restaret
1485 2125 1703 2203 igitur,

141 2252 215 2294 ut
259 2238 474 2296 Cicero
532 2239 602 2296 in
664 2240 926 2318 reliquis
974 2239 1456 2298 Rhetoricorum
1498 2238 1701 2309 libris,
1752 2267 1760 2271 Α

143 2372 303 2431 quos
351 2353 551 2431 vulgo
596 2332 952 2431 deperditos
988 2354 1348 2431 opinantur,
1401 2353 1528 2410 tale
1587 2352 1701 2410 ali-

143 2465 295 2544 quid
345 2465 591 2523 dixerit.
684 2468 807 2547 Qui
855 2483 1063 2525 autem
1110 2470 1229 2525 hoc
1275 2452 1422 2525 fieri
1469 2466 1699 2544 potuit,

143 2600 339 2657 quum
371 2581 586 2638 Cicero
619 2595 831 2639 totum
857 2583 1073 2639 locum
1105 2583 1178 2639 de
1209 2576 1290 2639 in
1309 2603 1349 2639 v
1369 2581 1592 2639 entio
1611 2602 1710 2658 ne·

142 2693 458 2771 prioribus
506 2695 754 2754 duobus
786 2696 968 2753 libris
1015 2688 1419 2767 absolvisset{
1465 2709 1524 2752 et
1552 2715 1695 2772 pro-

140 2807 316 2867 tinus
379 2807 543 2866 libro
598 2809 785 2867 tertio
840 2810 897 2866 ei
967 2810 1042 2867 de
1100 2811 1287 2868 altera
1353 2808 1698 2866 rhetoricae
