1878 3198
283 248 398 300 Ar>
431 255 935 300 HERENNIUM
995 255 1155 299 LIB.
1203 256 1297 307 IV,
1341 263 1422 311 54.
1545 227 1653 317 177!

179 424 265 480 54.
306 412 766 486 significatio
805 426 912 474 est,
953 431 1088 483 quae
1119 412 1237 482 plus
1262 416 1644 483 insuspicione

66 499 360 576 relinquit,
424 518 583 570 quam
625 487 860 567 Positum
901 511 980 549 est
1018 501 1074 548 in
1113 502 1372 550 oratione.
1461 499 1643 551 Easfit

74 602 167 652 per
227 583 683 643 exuberationem,
773 584 1110 656 ambiguum,
1186 588 1640 655 consequentiam,

74 669 483 728 abscisaionem,
547 669 965 731 similitudinem.
1065 673 1164 720 Per
1205 671 1642 721 exuberatio-

73 774 109 805 n
126 773 220 806 em
237 791 253 815 ‚
294 774 459 826 quum
486 755 604 823 plus
629 755 832 805 dictum
868 765 976 814 e'st,
1016 772 1175 825 quam
1201 758 1404 824 ῥεπέτω*
1429 759 1640 815 veritas,

75 841 351 912 augendae·
369 843 688 909 suspicionis
718 848 916 899 causa‚'
946 843 1072 918 sic-z·
1103 844 1256 906 „Hic
1284 843 1348 911 de
1377 854 1527 893 tanto
1556 861 1644 910 pa-

73 928 329 977 trimonio
381 938 494 976 tam
513 928 644 977 *scito
695 938 916 991 testam,
983 934 1090 996 qua
1126 926 1229 976 sihi
1268 939 1412 995 petat
1447 930 1641 998 ignem,

24 1027 37 1041 ¹
75 1022 183 1062 non
229 998 515 1081 reliquium?
606 1014 706 1061 Per
742 1012 1165 1083 ambiguum,
1220 1031 1385 1083 quum
1423 1011 1643 1063 verbum

52 1083 252 1164 ‘potest
290 1099 346 1146 in
392 1097 522 1146 duas
575 1097 816 1165 pluresve
864 1098 1151 1146 sententias
1194 1099 1386 1163 accipi,
1436 1097 1529 1146 sed
1567 1114 1646 1146 ac-

28 1219 43 1229 ,
76 1184 270 1250 cipitur
305 1185 362 1232 in
405 1199 518 1230 eam
555 1195 790 1249 partem,
854 1198 1014 1250 quam
1057 1179 1175 1231 vult
1215 1182 1290 1237 is,
1350 1167 1445 1251 qui
1479 1168 1646 1242 (ἶὶιεῖῐςἸ

79 1279 142 1318 ut
178 1268 242 1318 de
277 1284 340 1317 eo
379 1268 426 1315 si
462 1268 638 1324 dicas,
701 1269 796 1335 qui
847 1265 1040 1314 multas
1081 1263 1404 1316 hereditates
1440 1267 1648 1324 adierit,

80 1342 380 1422 „Prospice
421 1366 512 1410 tu,
576 1354 671 1421 qui
706 1352 997 1419 plurimum
1024 1353 1224 1424 cernis.
1243 1358 1278 1381 ‘⁶
1381 1350 1648 1422 Ambigua

80 1439 528 1509 quemadmodum
570 1438 785 1488 vitanda
820 1449 970 1495 sunt,
1031 1455 1170 1507 quae
1208 1425 1647 1486 obscuramwed-

80 1525 215 1574 dunt
258 1527 581 1581 orationem,
618 1525 696 1572 ita
732 1522 862 1572 haec
901 1522 1297 1590 consequenda,
1353 1508 1650 1589 quzffissseon-

81 1608 274 1659 ficiunt
308 1607 624 1659 huiusmodi
663 1604 1132 1678 significationem.
1219 1609 1298 1656 Ea
1322 1607 1651 1673 reperientur

81 1692 264 1751 facile,
304 1695 351 1743 si
379 1695 686 1744 noverimus
714 1704 766 1741 et
805 1692 1331 1743 animadverterimus
1366 1689 1651 1742 verborum

83 1781 334 1847 ancipites
387 1790 479 1828 aut
515 1777 831 1845 multiplices
875 1788 1189 1844 potestates.
1276 1779 1656 1863 Per‘conse->

36 1868 49 1872 ’
82 1866 436 1934 quentiam
481 1861 806 1935 significatio
845 1860 939 1922 fit,
1010 1862 1174 1933 quum
1217 1879 1331 1919 res,
1399 1879 1536 1932 quae
1578 1877 1654 1910 se-

82 1962 318 2021 quuntur
347 1950 581 2020 aliquam
610 1967 720 1998 rem
738 1984 752 2006 ,
794 1949 1044 1998 dicuntur
1061 1986 1075 2006 ,
1120 1966 1180 1998 ex
1210 1945 1404 2017 quibus
1430 1957 1545 1996 tota
1570 1963 1654 1994 res

81 2036 402 2105 relinquitur
438 2038 493 2084 in
533 2036 866 2102 suspicione,
926 2045 989 2083 ut
1027 2036 1073 2082 si
1111 2033 1495 2082 salsamentarii
1535 2028 1654 2080 filio

84 2121 258 2171 dicas:
323 2117 600 2186 „Quiesce
642 2131 734 2177 tu,
788 2119 936 2169 cuius
974 2129 1124 2186 pater
1161 2117 1342 2167 cubito
1384 2134 1439 2167 se
1476 2133 1655 2187 emun-

85 2223 206 2276 gere
252 2205 525 2255 solebat.“
622 2206 722 2254 Per
772 2203 1312 2262 abscissionem,
1366 2204 1440 2261 si,
1491 2217 1654 2270 quum

85 2293 378 2359 incepimus
417 2290 622 2360 aliquid
656 2291 859 2351 dicere,
931 2290 1120 2340 deinde
1157 2288 1540 2357 praecidimus,
1604 2296 1658 2334 et

87 2393 149 2426 ex
186 2393 281 2435 eo,
322 2377 469 2446 quod
506 2378 614 2424 iam
651 2375 909 2434 diximus,
961 2377 1088 2425 satis
1135 2374 1453 2443 relinquitur
1488 2372 1657 2438 suspi-

80 2463 288 2520 cionis,
341 2462 447 2511 sic:
511 2460 672 2525 „Qui
711 2462 815 2510 ista
856 2459 1028 2511 forma
1067 2472 1117 2509 et
1144 2471 1315 2509 aetate
1344 2474 1511 2525 nuper
1536 2456 1656 2505 alie-

88 2565 187 2596 nae
237 2547 423 2597 domui
459 2583 473 2596 .
515 2583 529 2596 .
573 2582 587 2594 .
638 2545 764 2596 nolo
815 2546 971 2614 plura
1010 2546 1198 2596 dicere.
1217 2552 1253 2574 “
1332 2545 1434 2592 >Per
1468 2542 1656 2591 simi-

87 2631 496 2687 litudinem,
552 2649 717 2699 quum
757 2630 933 2700 aliqua
972 2648 1025 2679 re
1071 2629 1235 2679 simili
1275 2627 1462 2687 allata,
1520 2624 1662 2677 nihil

51 2753 53 2755 .
90 2716 316 2784 amplius
352 2716 607 2773 dicimus,
650 2716 742 2766 sed
780 2733 840 2765 ex
865 2734 924 2765 ea
950 2713 1342 2787 significamus,
1386 2712 1516 2783 quid
1547 2728 1660 2761 sen-

90 2802 318 2860 tiamus,
384 2799 487 2851 hoc
520 2802 711 2851 modo:
788 2801 993 2860 ‚.Noli‚
1062 2800 1374 2866 Saturnine,
1436 2797 1660 2846 nimium

172 2893 463 2932 Cicvlilwcota
510 2894 600 2932 sal.
630 2898 663 2932 1,
1527 2893 1587 2930 1'2
