<?xml version="1.0" encoding="UTF-8"?>
<!DOCTYPE html PUBLIC "-//W3C//DTD XHTML 1.0 Transitional//EN"
    "http://www.w3.org/TR/xhtml1/DTD/xhtml1-transitional.dtd">
<html xmlns="http://www.w3.org/1999/xhtml" xml:lang="en" lang="en">
 <head>
  <title>
</title>
<meta http-equiv="Content-Type" content="text/html;charset=utf-8" />
  <meta name='ocr-system' content='tesseract 3.04.00' />
  <meta name='ocr-capabilities' content='ocr_page ocr_carea ocr_par ocr_line ocrx_word'/>
</head>
<body>
  <div class='ocr_page' id='page_1' title='image "./p1selectedworkso01ciceuoft_0016.png"; bbox 0 0 1924 3224; ppageno 0'>
   <div class='ocr_carea' id='block_1_1' title="bbox 155 206 1525 289">
    <p class='ocr_par' dir='ltr' id='par_1_1' title="bbox 155 206 1525 289">
     <span class='ocr_line' id='line_1_1' title="bbox 155 206 1525 289; baseline 0.004 -33"><span class='ocrx_word' id='word_1_1' title='bbox 155 213 276 262; x_wconf 83' lang='lat' dir='ltr'>x1v</span> <span class='ocrx_word' id='word_1_2' title='bbox 476 206 1525 289; x_wconf 40' lang='lat' dir='ltr'>PROLEGOMENORJUM</span> 
     </span>
    </p>
   </div>
   <div class='ocr_carea' id='block_1_2' title="bbox 163 368 1735 458">
    <p class='ocr_par' dir='ltr' id='par_1_2' title="bbox 163 368 1735 458">
     <span class='ocr_line' id='line_1_2' title="bbox 163 368 1735 458; baseline 0.006 -25"><span class='ocrx_word' id='word_1_3' title='bbox 163 374 463 456; x_wconf 84' lang='lat' dir='ltr'>moratio,</span> <span class='ocrx_word' id='word_1_4' title='bbox 500 368 579 432; x_wconf 39' lang='lat' dir='ltr'>‘ni</span> <span class='ocrx_word' id='word_1_5' title='bbox 616 374 840 447; x_wconf 84' lang='lat' dir='ltr'>fallor,</span> <span class='ocrx_word' id='word_1_6' title='bbox 887 375 1132 453; x_wconf 84' lang='lat' dir='ltr'>prodit,</span> <span class='ocrx_word' id='word_1_7' title='bbox 1181 397 1316 435; x_wconf 87' lang='lat' dir='ltr'>eam</span> <span class='ocrx_word' id='word_1_8' title='bbox 1349 389 1385 438; x_wconf 77' lang='lat' dir='ltr'>a</span> <span class='ocrx_word' id='word_1_9' title='bbox 1401 373 1735 458; x_wconf 77' lang='lat' dir='ltr'>Cicerone,</span> 
     </span>
    </p>
   </div>
   <div class='ocr_carea' id='block_1_3' title="bbox 146 475 1805 2052">
    <p class='ocr_par' dir='ltr' id='par_1_3' title="bbox 150 475 1735 1127">
     <span class='ocr_line' id='line_1_3' title="bbox 162 475 1735 570; baseline 0.006 -23"><span class='ocrx_word' id='word_1_10' title='bbox 162 491 272 570; x_wconf 89' lang='lat' dir='ltr'>qui</span> <span class='ocrx_word' id='word_1_11' title='bbox 323 491 688 569; x_wconf 87' lang='lat' dir='ltr'>exemplum</span> <span class='ocrx_word' id='word_1_12' title='bbox 729 491 870 549; x_wconf 88' lang='lat' dir='ltr'>sine</span> <span class='ocrx_word' id='word_1_13' title='bbox 907 502 1164 556; x_wconf 80' lang='lat' dir='ltr'>auctore</span> <span class='ocrx_word' id='word_1_14' title='bbox 1203 492 1279 550; x_wconf 88' lang='lat' dir='ltr'>ab</span> <span class='ocrx_word' id='word_1_15' title='bbox 1319 475 1735 558; x_wconf 59' lang='lat' dir='ltr'>Herenniano</span> 
     </span>
     <span class='ocr_line' id='line_1_4' title="bbox 159 603 1733 707; baseline 0.004 -44"><span class='ocrx_word' id='word_1_16' title='bbox 159 607 485 684; x_wconf 86' lang='lat' dir='ltr'>prolatum</span> <span class='ocrx_word' id='word_1_17' title='bbox 514 606 781 707; x_wconf 75' lang='lat' dir='ltr'>legeret,</span> <span class='ocrx_word' id='word_1_18' title='bbox 829 603 1044 684; x_wconf 88' lang='lat' dir='ltr'>potius</span> <span class='ocrx_word' id='word_1_19' title='bbox 1073 607 1381 683; x_wconf 80' lang='lat' dir='ltr'><strong>additam,</strong></span> <span class='ocrx_word' id='word_1_20' title='bbox 1405 619 1627 689; x_wconf 63' lang='lat' dir='ltr'>quam</span> <span class='ocrx_word' id='word_1_21' title='bbox 1658 611 1733 671; x_wconf 85' lang='lat' dir='ltr'>ab</span> 
     </span>
     <span class='ocr_line' id='line_1_5' title="bbox 159 720 1734 801; baseline 0.004 -22"><span class='ocrx_word' id='word_1_22' title='bbox 159 722 312 792; x_wconf 92' lang='lat' dir='ltr'>hoc,</span> <span class='ocrx_word' id='word_1_23' title='bbox 362 720 417 779; x_wconf 87' lang='lat' dir='ltr'>si</span> <span class='ocrx_word' id='word_1_24' title='bbox 444 741 685 778; x_wconf 88' lang='lat' dir='ltr'>nomen</span> <span class='ocrx_word' id='word_1_25' title='bbox 717 721 1016 780; x_wconf 89' lang='lat' dir='ltr'>Curionis</span> <span class='ocrx_word' id='word_1_26' title='bbox 1047 723 1212 801; x_wconf 91' lang='lat' dir='ltr'>apud</span> <span class='ocrx_word' id='word_1_27' title='bbox 1242 723 1619 784; x_wconf 53' lang='lat' dir='ltr'>Ciceronem</span> <span class='ocrx_word' id='word_1_28' title='bbox 1642 724 1734 786; x_wconf 85' lang='lat' dir='ltr'>le—</span> 
     </span>
     <span class='ocr_line' id='line_1_6' title="bbox 159 834 1732 918; baseline 0.004 -25"><span class='ocrx_word' id='word_1_29' title='bbox 159 836 388 918; x_wconf 84' lang='lat' dir='ltr'>gisset,</span> <span class='ocrx_word' id='word_1_30' title='bbox 439 835 742 894; x_wconf 84' lang='lat' dir='ltr'>omissam</span> <span class='ocrx_word' id='word_1_31' title='bbox 779 834 1000 895; x_wconf 87' lang='lat' dir='ltr'>fuisse.-</span> <span class='ocrx_word' id='word_1_32' title='bbox 1093 843 1217 896; x_wconf 91' lang='lat' dir='ltr'>Cur</span> <span class='ocrx_word' id='word_1_33' title='bbox 1263 839 1434 897; x_wconf 88' lang='lat' dir='ltr'>enim</span> <span class='ocrx_word' id='word_1_34' title='bbox 1478 842 1732 900; x_wconf 85' lang='lat' dir='ltr'>omitte·</span> 
     </span>
     <span class='ocr_line' id='line_1_7' title="bbox 158 950 1733 1036; baseline 0.004 -26"><span class='ocrx_word' id='word_1_35' title='bbox 158 967 254 1010; x_wconf 87' lang='lat' dir='ltr'>ret</span> <span class='ocrx_word' id='word_1_36' title='bbox 278 951 364 1019; x_wconf 84' lang='lat' dir='ltr'>is,</span> <span class='ocrx_word' id='word_1_37' title='bbox 414 950 525 1029; x_wconf 89' lang='lat' dir='ltr'>qui</span> <span class='ocrx_word' id='word_1_38' title='bbox 555 951 715 1010; x_wconf 86' lang='lat' dir='ltr'>alios</span> <span class='ocrx_word' id='word_1_39' title='bbox 748 950 1087 1029; x_wconf 80' lang='lat' dir='ltr'><strong>scriptores</strong></span> <span class='ocrx_word' id='word_1_40' title='bbox 1127 954 1535 1014; x_wconf 66' lang='lat' dir='ltr'>nominatitr&#39;i‘</span> <span class='ocrx_word' id='word_1_41' title='bbox 1551 962 1733 1036; x_wconf 84' lang='lat' dir='ltr'>saepe</span> 
     </span>
     <span class='ocr_line' id='line_1_8' title="bbox 150 1063 420 1127; baseline -0.011 -1"><span class='ocrx_word' id='word_1_42' title='bbox 150 1063 420 1127; x_wconf 70' lang='lat' dir='ltr'>citaret?</span> 
     </span>
    </p>

    <p class='ocr_par' dir='ltr' id='par_1_4' title="bbox 146 1181 1805 1703">
     <span class='ocr_line' id='line_1_9' title="bbox 283 1181 1730 1261; baseline 0.003 -22"><span class='ocrx_word' id='word_1_43' title='bbox 283 1188 677 1261; x_wconf 82' lang='lat' dir='ltr'>Magnopere</span> <span class='ocrx_word' id='word_1_44' title='bbox 735 1199 893 1246; x_wconf 55' lang='lat' dir='ltr'>veros</span> <span class='ocrx_word' id='word_1_45' title='bbox 957 1181 1430 1240; x_wconf 79' lang='lat' dir='ltr'>attendendum&#39;</span> <span class='ocrx_word' id='word_1_46' title='bbox 1473 1189 1569 1242; x_wconf 80' lang='lat' dir='ltr'>est‘</span> <span class='ocrx_word' id='word_1_47' title='bbox 1603 1185 1730 1260; x_wconf 62' lang='lat' dir='ltr'>*ad</span> 
     </span>
     <span class='ocr_line' id='line_1_10' title="bbox 153 1282 1726 1379; baseline 0.001 -22"><span class='ocrx_word' id='word_1_48' title='bbox 153 1282 832 1379; x_wconf 65' lang='lat' dir='ltr'>commemorationem</span> <span class='ocrx_word' id='word_1_49' title='bbox 875 1294 1004 1352; x_wconf 87' lang='lat' dir='ltr'>loci</span> <span class='ocrx_word' id='word_1_50' title='bbox 1038 1296 1340 1368; x_wconf 84' lang='lat' dir='ltr'>Plautini,</span> <span class='ocrx_word' id='word_1_51' title='bbox 1395 1318 1522 1376; x_wconf 90' lang='lat' dir='ltr'>quo</span> <span class='ocrx_word' id='word_1_52' title='bbox 1555 1292 1726 1358; x_wconf 73' lang='lat' dir='ltr'>uter·</span> 
     </span>
     <span class='ocr_line' id='line_1_11' title="bbox 153 1377 1726 1495; baseline 0.003 -25"><span class='ocrx_word' id='word_1_53' title='bbox 153 1434 275 1493; x_wconf 90' lang='lat' dir='ltr'>que</span> <span class='ocrx_word' id='word_1_54' title='bbox 303 1430 628 1490; x_wconf 80' lang='lat' dir='ltr'>perperam</span> <span class='ocrx_word' id='word_1_55' title='bbox 658 1409 941 1466; x_wconf 87' lang='lat' dir='ltr'>abutitur</span> <span class='ocrx_word' id='word_1_56' title='bbox 968 1411 1046 1466; x_wconf 87' lang='lat' dir='ltr'>ad</span> <span class='ocrx_word' id='word_1_57' title='bbox 1077 1377 1332 1488; x_wconf 58' lang='lat' dir='ltr'>poetffm</span> <span class='ocrx_word' id='word_1_58' title='bbox 1371 1412 1509 1495; x_wconf 79' lang='lat' dir='ltr'>sine</span> <span class='ocrx_word' id='word_1_59' title='bbox 1540 1432 1726 1474; x_wconf 75' lang='lat' dir='ltr'>causa</span> 
     </span>
     <span class='ocr_line' id='line_1_12' title="bbox 150 1511 1805 1606; baseline 0.002 -20"><span class='ocrx_word' id='word_1_60' title='bbox 150 1511 762 1606; x_wconf 77' lang='lat' dir='ltr'>reprehendendum.</span> <span class='ocrx_word' id='word_1_61' title='bbox 868 1528 1147 1603; x_wconf 87' lang='lat' dir='ltr'>Uterque</span> <span class='ocrx_word' id='word_1_62' title='bbox 1185 1525 1498 1585; x_wconf 89' lang='lat' dir='ltr'>nimirum</span> <span class='ocrx_word' id='word_1_63' title='bbox 1532 1529 1727 1588; x_wconf 62' lang='lat' dir='ltr'>hosce</span> <span class='ocrx_word' id='word_1_64' title='bbox 1803 1528 1805 1530; x_wconf 55' lang='grc'><strong>’</strong></span> 
     </span>
     <span class='ocr_line' id='line_1_13' title="bbox 146 1640 877 1703; baseline -0.007 0"><span class='ocrx_word' id='word_1_65' title='bbox 146 1663 368 1703; x_wconf 84' lang='lat' dir='ltr'>versus</span> <span class='ocrx_word' id='word_1_66' title='bbox 401 1663 434 1699; x_wconf 92' lang='lat' dir='ltr'>e</span> <span class='ocrx_word' id='word_1_67' title='bbox 459 1640 877 1699; x_wconf 87' lang='lat' dir='ltr'>Trinummo:</span> 
     </span>
    </p>

    <p class='ocr_par' dir='ltr' id='par_1_5' title="bbox 293 1753 1454 1850">
     <span class='ocr_line' id='line_1_14' title="bbox 293 1753 1454 1850; baseline -0.001 -17"><span class='ocrx_word' id='word_1_68' title='bbox 293 1753 536 1833; x_wconf 80' lang='lat' dir='ltr'>Amicum</span> <span class='ocrx_word' id='word_1_69' title='bbox 574 1781 826 1850; x_wconf 84' lang='lat' dir='ltr'>castigare</span> <span class='ocrx_word' id='word_1_70' title='bbox 866 1779 933 1830; x_wconf 91' lang='lat' dir='ltr'>ob</span> <span class='ocrx_word' id='word_1_71' title='bbox 968 1781 1201 1831; x_wconf 84' lang='lat' dir='ltr'>meritam</span> <span class='ocrx_word' id='word_1_72' title='bbox 1240 1783 1454 1832; x_wconf 76' lang='lat' dir='ltr'>noxiam</span> 
     </span>
    </p>

    <p class='ocr_par' dir='ltr' id='par_1_6' title="bbox 286 1856 1632 1935">
     <span class='ocr_line' id='line_1_15' title="bbox 286 1856 1632 1935; baseline 0 -1"><span class='ocrx_word' id='word_1_73' title='bbox 286 1885 527 1935; x_wconf 86' lang='lat' dir='ltr'>Immune</span> <span class='ocrx_word' id='word_1_74' title='bbox 563 1894 644 1931; x_wconf 81' lang='lat' dir='ltr'>est</span> <span class='ocrx_word' id='word_1_75' title='bbox 671 1856 899 1931; x_wconf 78' lang='lat' dir='ltr'>facinus.</span> <span class='ocrx_word' id='word_1_76' title='bbox 968 1882 1168 1933; x_wconf 84' lang='lat' dir='ltr'>Verum</span> <span class='ocrx_word' id='word_1_77' title='bbox 1207 1883 1261 1932; x_wconf 89' lang='lat' dir='ltr'>in</span> <span class='ocrx_word' id='word_1_78' title='bbox 1295 1882 1632 1935; x_wconf 72' lang='lat' dir='ltr'>aetate&#39;utile</span> 
     </span>
    </p>

    <p class='ocr_par' dir='ltr' id='par_1_7' title="bbox 287 1981 1719 2052">
     <span class='ocr_line' id='line_1_16' title="bbox 287 1981 1719 2052; baseline 0 -18"><span class='ocrx_word' id='word_1_79' title='bbox 287 1987 362 2034; x_wconf 88' lang='lat' dir='ltr'>Et</span> <span class='ocrx_word' id='word_1_80' title='bbox 402 1981 748 2034; x_wconf 86' lang='lat' dir='ltr'>conducibile.</span> <span class='ocrx_word' id='word_1_81' title='bbox 823 1983 961 2034; x_wconf 84' lang='lat' dir='ltr'>Nam</span> <span class='ocrx_word' id='word_1_82' title='bbox 987 2000 1085 2052; x_wconf 84' lang='lat' dir='ltr'>ego</span> <span class='ocrx_word' id='word_1_83' title='bbox 1115 1984 1335 2033; x_wconf 86' lang='lat' dir='ltr'>amicum</span> <span class='ocrx_word' id='word_1_84' title='bbox 1361 1983 1522 2034; x_wconf 86' lang='lat' dir='ltr'>hodie</span> <span class='ocrx_word' id='word_1_85' title='bbox 1545 2001 1719 2035; x_wconf 83' lang='lat' dir='ltr'>meum</span> 
     </span>
    </p>
   </div>
   <div class='ocr_carea' id='block_1_4' title="bbox 290 2083 1344 2152">
    <p class='ocr_par' dir='ltr' id='par_1_8' title="bbox 290 2083 1344 2152">
     <span class='ocr_line' id='line_1_17' title="bbox 290 2083 1344 2152; baseline 0 -17"><span class='ocrx_word' id='word_1_86' title='bbox 290 2083 675 2152; x_wconf 87' lang='lat' dir='ltr'>Concastigabo</span> <span class='ocrx_word' id='word_1_87' title='bbox 708 2101 804 2152; x_wconf 87' lang='lat' dir='ltr'>pro</span> <span class='ocrx_word' id='word_1_88' title='bbox 843 2084 1142 2134; x_wconf 86' lang='lat' dir='ltr'>commerita</span> <span class='ocrx_word' id='word_1_89' title='bbox 1167 2085 1344 2135; x_wconf 87' lang='lat' dir='ltr'>noxia.</span> 
     </span>
    </p>
   </div>
   <div class='ocr_carea' id='block_1_5' title="bbox 141 2214 1720 2755">
    <p class='ocr_par' dir='ltr' id='par_1_9' title="bbox 141 2214 1720 2755">
     <span class='ocr_line' id='line_1_18' title="bbox 145 2214 1720 2296; baseline 0 -20"><span class='ocrx_word' id='word_1_90' title='bbox 145 2215 575 2296; x_wconf 86' lang='lat' dir='ltr'>reprehendit,</span> <span class='ocrx_word' id='word_1_91' title='bbox 626 2229 687 2273; x_wconf 89' lang='lat' dir='ltr'>et</span> <span class='ocrx_word' id='word_1_92' title='bbox 732 2214 903 2293; x_wconf 93' lang='lat' dir='ltr'>quod</span> <span class='ocrx_word' id='word_1_93' title='bbox 948 2236 1085 2274; x_wconf 89' lang='lat' dir='ltr'>non</span> <span class='ocrx_word' id='word_1_94' title='bbox 1131 2215 1458 2274; x_wconf 85' lang='lat' dir='ltr'>intellexit</span> <span class='ocrx_word' id='word_1_95' title='bbox 1499 2237 1720 2282; x_wconf 82' lang='lat' dir='ltr'>veram</span> 
     </span>
     <span class='ocr_line' id='line_1_19' title="bbox 142 2328 1714 2411; baseline -0.001 -21"><span class='ocrx_word' id='word_1_96' title='bbox 142 2332 488 2411; x_wconf 88' lang='lat' dir='ltr'>particulae</span> <span class='ocrx_word' id='word_1_97' title='bbox 563 2350 710 2387; x_wconf 82' lang='lat' dir='ltr'>nam</span> <span class='ocrx_word' id='word_1_98' title='bbox 773 2328 1353 2409; x_wconf 82' lang='lat' dir='ltr'>significationem,</span> <span class='ocrx_word' id='word_1_99' title='bbox 1415 2332 1714 2391; x_wconf 87' lang='lat' dir='ltr'>Plautum</span> 
     </span>
     <span class='ocr_line' id='line_1_20' title="bbox 141 2444 1714 2523; baseline 0.002 -19"><span class='ocrx_word' id='word_1_100' title='bbox 141 2445 443 2504; x_wconf 86' lang='lat' dir='ltr'>infirmae</span> <span class='ocrx_word' id='word_1_101' title='bbox 500 2444 768 2502; x_wconf 89' lang='lat' dir='ltr'>rationis</span> <span class='ocrx_word' id='word_1_102' title='bbox 827 2444 1203 2518; x_wconf 88' lang='lat' dir='ltr'>insimulat,</span> <span class='ocrx_word' id='word_1_103' title='bbox 1282 2446 1463 2523; x_wconf 88' lang='lat' dir='ltr'>quasi</span> <span class='ocrx_word' id='word_1_104' title='bbox 1521 2465 1714 2507; x_wconf 69' lang='lat' dir='ltr'>senex</span> 
     </span>
     <span class='ocr_line' id='line_1_21' title="bbox 142 2558 1710 2639; baseline 0 -20"><span class='ocrx_word' id='word_1_105' title='bbox 142 2562 291 2633; x_wconf 86' lang='lat' dir='ltr'>ille,</span> <span class='ocrx_word' id='word_1_106' title='bbox 361 2580 549 2639; x_wconf 90' lang='lat' dir='ltr'>quem</span> <span class='ocrx_word' id='word_1_107' title='bbox 596 2559 699 2616; x_wconf 89' lang='lat' dir='ltr'>hic</span> <span class='ocrx_word' id='word_1_108' title='bbox 755 2560 1128 2638; x_wconf 88' lang='lat' dir='ltr'>loquentem</span> <span class='ocrx_word' id='word_1_109' title='bbox 1175 2558 1449 2632; x_wconf 85' lang='lat' dir='ltr'>inducit,</span> <span class='ocrx_word' id='word_1_110' title='bbox 1512 2580 1590 2618; x_wconf 82' lang='lat' dir='ltr'>ex</span> <span class='ocrx_word' id='word_1_111' title='bbox 1634 2579 1710 2619; x_wconf 88' lang='lat' dir='ltr'>eo</span> 
     </span>
     <span class='ocr_line' id='line_1_22' title="bbox 143 2671 1708 2755; baseline -0.001 -23"><span class='ocrx_word' id='word_1_112' title='bbox 143 2676 315 2755; x_wconf 90' lang='lat' dir='ltr'>quod</span> <span class='ocrx_word' id='word_1_113' title='bbox 375 2676 512 2753; x_wconf 90' lang='lat' dir='ltr'>ipse</span> <span class='ocrx_word' id='word_1_114' title='bbox 569 2672 854 2732; x_wconf 87' lang='lat' dir='ltr'>facturus</span> <span class='ocrx_word' id='word_1_115' title='bbox 903 2673 1019 2746; x_wconf 90' lang='lat' dir='ltr'>sit,</span> <span class='ocrx_word' id='word_1_116' title='bbox 1081 2694 1219 2732; x_wconf 89' lang='lat' dir='ltr'>non</span> <span class='ocrx_word' id='word_1_117' title='bbox 1278 2696 1355 2733; x_wconf 85' lang='lat' dir='ltr'>ex</span> <span class='ocrx_word' id='word_1_118' title='bbox 1405 2694 1478 2733; x_wconf 88' lang='lat' dir='ltr'>eo</span> <span class='ocrx_word' id='word_1_119' title='bbox 1535 2671 1708 2752; x_wconf 85' lang='lat' dir='ltr'>quod</span> 
     </span>
    </p>
   </div>
   <div class='ocr_carea' id='block_1_6' title="bbox 138 2788 1704 2867">
    <p class='ocr_par' dir='ltr' id='par_1_10' title="bbox 138 2788 1704 2867">
     <span class='ocr_line' id='line_1_23' title="bbox 138 2788 1704 2867; baseline -0.003 -18"><span class='ocrx_word' id='word_1_120' title='bbox 138 2789 287 2850; x_wconf 80' lang='lat' dir='ltr'>fieri</span> <span class='ocrx_word' id='word_1_121' title='bbox 332 2789 694 2862; x_wconf 86' lang='lat' dir='ltr'>conveniat,</span> <span class='ocrx_word' id='word_1_122' title='bbox 739 2789 899 2847; x_wconf 89' lang='lat' dir='ltr'>utile</span> <span class='ocrx_word' id='word_1_123' title='bbox 944 2788 1101 2867; x_wconf 86' lang='lat' dir='ltr'>quid</span> <span class='ocrx_word' id='word_1_124' title='bbox 1146 2788 1231 2847; x_wconf 87' lang='lat' dir='ltr'>sit</span> <span class='ocrx_word' id='word_1_125' title='bbox 1275 2788 1704 2848; x_wconf 82' lang='lat' dir='ltr'>ratiocinetur.</span> 
     </span>
    </p>
   </div>
  </div>
 </body>
</html>
