1924 3224
320 244 422 294 AD
481 242 986 287 HER'ENNIUM
1043 241 1203 313 ΑΙ,ῙΒ.
1258 242 1310 284 I.-
1366 254 1446 286 12.
1605 259 1678 297 ἐι,
1720 305 1735 312 ἢ

106 405 300 473 Caepio
318 440 334 463 ,
397 404 491 474 qui
519 420 613 471 per
639 403 695 453 id
721 403 976 469 temporis
1004 412 1254 471 quaestor
1281 399 1516 450 urbanus
1547 413 1678 463 erat,

105 491 294 541 docuit
315 500 604 547 Nsenatum,
657 490 915 537 aerarium
953 490 1066 556 pati
1104 505 1212 537 non
1246 479 1402 554 posse
1437 487 1681 560 largitio-

103 593 225 625 nem
262 586 482 624 tantam.
573 575 797 624 Senatus
840 574 1102 632 decrevit,
1155 575 1200 622 si
1244 589 1359 621 eam
1404 572 1572 644 legem
1609 574 1679 624 ad

101 661 362 729 populum
392 657 559 718 ferat,
614 661 865 710 adversus
905 678 1069 726 remp.
1109 659 1278 710 videri
1319 676 1440 707 eum
1483 656 1674 709 facere.

104 748 422 797 Saturninus
455 743 590 796 ferre
618 748 804 813 coepit.
884 745 1126 816 Collegae
1151 746 1490 796 intercedere.
1581 746 1676 796 Ille

102 830 274 882 nihilo
321 833 493 881 minus
534 831 787 881 cistellam
827 831 1035 881 detulit.
1127 832 1350 898 Caepio,
1415 843 1476 880 ut
1524 831 1676 881 illum

104 929 288 967 contra
342 918 393 967 S.
436 918 490 968 C.
533 915 980 966 intercedentibus
1034 916 1276 987 collegis,
1315 917 1478 967 >vidit
1515 914 1672 976 ferre,

103 1019 227 1051 cum
266 1004 392 1052 viris
433 1001 591 1051 bonis
631 1004 888 1068 impetum
928 1000 1086 1061 facit,
1155 1015 1344 1069 pontes
1386 1001 1671 1061 disturbat,

103 1090 260 1137 cistas
302 1088 514 1146 delicit,
565 1087 944 1155 impedimento
984 1100 1093 1146 est,
1134 1105 1241 1158 quo
1271 1085 1673 1137 seciusferatur

99 1173 212 1232 lex3
264 1175 546 1221 arcessitur
588 1174 780 1239 Caepio
821 1174 1131 1222 maiestatis.
1221 1173 1549 1223 Constitutio
1590 1183 1672 1223 est

98 1257 339 1328 legitima
366 1274 426 1306 ex
457 1254 788 1307 definitione.
864 1256 1195 1310 Vocabulum
1236 1260 1375 1307 enim
1408 1243 1669 1308 definitur

99 1345 308 1410 ipsum,
358 1361 524 1412 quum
574 1345 876 1412 quaeritur,
935 1345 1068 1413 quid
1115 1346 1187 1394 sit
1233 1346 1470 1394 minuere
1507 1346 1668 1396 maie·

104 1439 312 1478 statem.

205 1517 285 1564 Ex
308 1514 694 1564 translatio
711 1533 787 1564 ne
814 1517 1174 1566 controversia
1200 1516 1453 1572 nascitur,
1501 1533 1667 1583 quum

101 1611 194 1648 aut
232 1611 440 1666 tempus
479 1597 861 1659 disserendum,
932 1611 1023 1648 aut
1061 1613 1420 1650 accusatorem
1458 1611 1665 1648 mutau-

101 1684 259 1742 dum,
314 1695 404 1732 aut
442 1686 644 1735 iudices
683 1685 966 1735 mutandos
1001 1702 1119 1734 reus
1148 1686 1294 1735 dicit.
1382 1687 1492 1734 Hac
1517 1696 1668 1751 parte

101 1771 535 1842 constitutionis,
586 1771 773 1819 Graeci
798 1772 853 1818 iu
879 1771 1122 1829 iudiciis,
1173 1787 1270 1821 nos
1297 1773 1353 1819 in
1380 1772 1495 1818 iure
1522 1769 1666 1820 civili

98 1854 410 1924 plerumque
452 1856 670 1904 utimur.
771 1856 830 1904 Iu
872 1854 972 1905 hac
1006 1868 1156 1924 parte
1193 1873 1288 1906 nos
1326 1846 1457 1903 iuris
1495 1854 1663 1905 civilis

100 1919 322 1989 scientia
370 1939 591 1990 iuvabit.
715 1941 774 1989 Iu
822 1941 1033 1991 iudiciis
1083 1955 1261 1991 tamen
1310 1938 1554 1990 nonnihil
1586 1957 1664 2004 ,ea

98 2026 329 2082 utimur,
395 2023 498 2074 hoc
537 2025 730 2075 modo:
806 2026 862 2075 Si
900 2028 1018 2094 quis
1060 2026 1331 2093 peculatus
1371 2037 1662 2083 accusetur,

100 2110 249 2179 quod
285 2127 408 2160 vasa
446 2122 690 2180 argentea
718 2109 928 2178 publica
965 2112 1030 2161 de
1069 2111 1188 2160 loco
1218 2114 1424 2177 privato
1454 2108 1663 2160 dicatur

100 2194 395 2253 sustulisse,
434 2196 608 2262 possit
639 2196 829 2254 dicere,
869 2215 1035 2265 quum
1064 2193 1380 2245 defiuitione
1414 2198 1483 2244 sit
1512 2212 1659 2253 usuS,

100 2279 232 2348 quid
267 2281 337 2329 sit
370 2276 602 2338 furt-um,
655 2283 783 2351 quid
820 2282 1119 2349 peculatus,
1173 2298 1351 2331 secum
1394 2277 1526 2328 furti
1555 2281 1661 2350 agi,

99 2382 209 2414 non
255 2364 526 2431 peculatus
578 2378 837 2433 oportere.
925 2369 1062 2415 Haec
1112 2368 1329 2433 partitio
1390 2365 1660 2436 legitimae

101 2452 502 2500 constitutionis
540 2448 624 2500 his
656 2452 926 2502 de‘causis
957 2453 1090 2501 raro
1115 2452 1259 2501 venit
1295 2451 1350 2499 in
1377 2450 1657 2508 iudicium,

100 2536 248 2605 quod
273 2537 329 2584 in
357 2538 562 2603 privata
587 2538 794 2586 actione
820 2539 1116 2604 praemi-lae
1155 2538 1480 2603 exceptiones
1511 2546 1654 2593 sunt,

101 2631 154 2669 et
181 2637 339 2670 causa
366 2621 506 2670 cadit
535 2623 606 2675 is,
648 2625 741 2690 qui
765 2641 903 2682 non,
947 2621 1394 2691 quemadmodum
1422 2632 1653 2688 oportet,

101 2707 296 2776 egerit3
336 2718 386 2756 et
416 2708 471 2755 in
506 2705 733 2774 publicis
762 2705 1164 2776 quaestiouibus
1195 2718 1408 2758 cavetur
1430 2703 1654 2775 legibus,

103 2801 163 2840 ut
187 2802 337 2849 aute,
389 2794 433 2841 si
459 2809 549 2841 reo
587 2794 926 2844 commodum
962 2794 1059 2849 sit,
1110 2791 1372 2841 iudicium
1407 2791 1472 2840 de
1507 2806 1654 2840 aceu-

101 2887 274 2926 satore
299 2874 398 2926 fiat
413 2913 428 2935 ‚
468 2889 648 2928 utrum
672 2878 752 2927 illi
775 2879 931 2927 liceat
957 2894 1229 2934 accusare,
1267 2894 1445 2927 necne.
