1878 3198
678 101 695 128 Χ
781 106 791 141 Ι
1163 102 1170 120 “

138 223 299 280 '262
486 196 493 202 ’
623 186 1366 290 INCICERONJS

199 390 220 421 ε
235 393 259 420 a
270 392 301 419 n
317 390 342 420 c
357 387 375 420 t
390 393 416 419 a
457 391 482 420 e
497 391 517 420 s
530 388 550 420 t
562 408 574 421 .
645 374 878 433 Lambini
922 374 1247 439 coniecturam
1288 374 1452 422 firmat
1494 375 1609 437 cod.
1627 367 1774 435 {voss}
1808 391 1817 398 ·

197 459 237 513 e:
273 444 432 507 Scllol.
489 465 577 507 Est
605 474 764 506 autem
795 458 873 504 lex
902 460 1184 520 diligentius
1216 470 1386 512 sancta,
1417 478 1535 523 quae
1559 463 1771 523 poenam

195 547 364 592 statuit
403 547 455 590 in
499 562 578 592 eos
593 579 605 598 ,
668 546 755 607 qui
794 535 895 591 non
936 546 1375 606 obtemperaverint
1388 580 1402 599 ,
1429 603 1432 606 ψ
1460 564 1603 608 quam
1619 559 1769 609 ‘'‚quae

195 632 407 679 nullam·
395 666 409 684 ,
466 646 513 680 et
544 649 663 693 quae
694 647 751 692 gr
753 632 969 698 aviorexn
999 629 1200 692 poen'am
1239 623 1403 679 statuit
1415 664 1430 685 ‚
1482 632 1767 695 diligentia·

193 731 264 764 est
294 716 474 763 sancita
486 749 500 768 ‚
555 733 701 778 quam
734 734 854 777 qnae
886 715 1137 762 leviorem.

275 807 387 864 Pag.
416 811 516 859 345.
546 819 594 848 v.
618 811 688 858 28.
740 820 773 862 p
786 819 812 845 1·
827 818 854 847 o
869 819 899 863 p
914 803 934 846 i
947 820 981 846 u
995 819 1014 847 s
1055 829 1114 838 —-
1170 805 1295 850 Vere
1337 803 1407 848 sic
1449 805 1573 850 Petr.
1596 752 1788 872 Ἑιὲοτ,

189 903 238 935 et
265 889 488 935 Lambin.
521 889 833 934 emendarunt
863 886 995 949 vulg.
1027 906 1057 952 p
1072 905 1096 932 ι·
1111 905 1140 934 o
1154 905 1204 934 m
1221 902 1240 934 t
1253 890 1272 933 i
1287 907 1319 935 u
1332 907 1367 936 s.
1406 951 1408 953 V
1428 893 1530 936 Iam
1563 881 1767 938 Lallem.

190 977 372 1036 recepit
413 992 444 1036 p
463 991 488 1019 1·
504 991 532 1020 o
547 976 663 1035 piu
677 991 711 1020 s,
798 1002 810 1021 l
1308 964 1311 967 Ι

281 1064 393 1122 Pag.
425 1061 524 1117 546.
568 1078 617 1107 v.
654 1079 693 1106 1.
735 1073 777 1108 2.
833 1060 1090 1113 deinde,
1143 1075 1288 1107 utra
1343 1078 1414 1107 ex
1467 1061 1612 1124 lege
1661 1074 1770 1108 sta·

189 1148 306 1194 tim
349 1133 509 1199 fieri
551 1162 815 1192 necesse
871 1147 984 1197 sit,
1031 1161 1170 1192 utra
1213 1147 1442 1194 habeat
1481 1147 1767 1209 aliquam

189 1249 425 1285 moram
470 1247 525 1278 et
564 1250 583 1278 s
601 1246 850 1279 ustenta
867 1233 1113 1279 tionem
1142 1256 1199 1269 ·--
1251 1233 1476 1293 Fidenter
1506 1233 1574 1282 sic
1592 1249 1767 1294 ..emen-

189 1319 303 1364 davi
343 1319 601 1364 lectionem
613 1352 626 1370 ,
671 1336 790 1379 quae
835 1335 998 1364 omnes
1042 1319 1166 1369 edd„
1214 1336 1329 1378 quas
1374 1319 1483 1365 vidi
1496 1351 1510 1369 ,
1553 1318 1766 1365 obseditz

188 1404 425 1449 deinde
481 1421 551 1448 ex
601 1405 740 1463 lege
785 1416 999 1446 utrum
1052 1418 1071 1446 s
1090 1402 1271 1446 tatim
1311 1427 1371 1439 ·--
1415 1415 1632 1465 ‘utrum
1664 1403 1765 1466 -h'a-

186 1489 218 1535 b
235 1505 259 1534 e
275 1506 298 1533 a
311 1502 330 1532 t
371 1502 458 1535 etc.
530 1489 673 1547 Quod
715 1487 937 1548 rescripsi
949 1519 962 1537 ,
1003 1487 1219 1548 primum
1259 1498 1487 1533 contextu
1529 1489 1764 1535 orationis

187 1575 412 1621 firmatur
424 1607 437 1626 ,
494 1575 674 1634 quippe
706 1590 801 1634 quo
833 1589 933 1618 non
964 1573 1212 1633 quaeritur
1226 1606 1238 1623 ,
1299 1587 1462 1619 utrum
1492 1574 1677 1636 aliquid
1705 1591 1766 1620 ex

183 1660 291 1720 lege
326 1660 436 1711 fiat,
483 1661 566 1705 ned
614 1659 846 1721 quoniam
892 1658 949 1703 de
981 1658 1162 1703 duabus
1192 1658 1381 1719 legibus
1409 1659 1538 1705 inter
1567 1675 1615 1705 te
1651 1676 1784 1725 σοιν·

176 1746 437 1793 ’τειιᾶειιὰἰε
469 1745 653 1811 agitur,
701 1758 808 1789 utra
856 1744 923 1788 ex⁴
943 1744 1048 1805 lege
1077 1745 1240 1806 potius
1273 1745 1463 1806 aliquid
1494 1744 1596 1790 fiat.
1662 1747 1764 1792 De·

184 1833 298 1876 inde
328 1831 509 1877 accedit
538 1830 784 1880 Victorini
812 1829 1149 1891 interpretatio
1162 1859 1177 1884 ,
1217 1848 1335 1891 quae
1369 1831 1620 1893 perspicue
1648 1847 1760 1895 pro-

183 1917 269 1968 dit,
312 1933 423 1963 eum
454 1916 522 1962 sic
551 1916 718 1976 legisse
735 1949 746 1966 ,
789 1928 846 1960 ut
874 1916 1128 1986 edidimps.
1188 1916 1274 1963 ule
1303 1930 1460 1962 autem
1494 1916 1571 1965 his
1604 1916 1760 1964 utitur

184 2004 243 2057 ad
271 2003 320 2047 h.
349 2003 381 2049 l.
417 2002 755 2064 explicandum
783 1999 978 2047 verbis:
1045 2003 1095 2046 D
1113 2003 1297 2064 einde
1354 2019 1420 2052 co
1438 2003 1759 2049 nsideran-

154 2107 161 2111 -
184 2089 350 2143 dum.
398 2105 469 2133 ex
510 2105 622 2149 qua
677 2087 818 2148 lege
862 2089 1082 2133 statim
1126 2087 1284 2133 fieri
1326 2087 1608 2150 aliquid,
1653 2101 1760 2135 aut

181 2190 306 2220 non
347 2173 508 2218 fieri
561 2189 823 2221 necesse
877 2173 985 2226 sit,
1048 2186 1106 2219 et
1147 2190 1215 2222 ex
1255 2191 1371 2238 qua
1415 2175 1498 2223 sit
1539 2175 1758 2236 alique
1814 2222 1824 2230 ,

182 2273 204 2308 t
217 2276 241 2305 a
253 2277 279 2306 r
292 2260 324 2309 d
339 2260 359 2306 i
375 2273 393 2304 t
406 2277 431 2305 a
446 2276 482 2307 s.

830 2390 974 2451 Cap.
1045 2390 1106 2436 L.

265 2521 374 2579 Pag.
398 2526 499 2574 347.
531 2534 577 2564 v.
604 2518 673 2563 26.
702 2530 772 2573 27.
825 2531 1046 2579 postea
1092 2518 1615 2570 admirationem,
1646 2518 1754 2580 qui

179 2603 333 2649 fieri
374 2604 579 2664 possit
619 2628 677 2641 --
741 2604 884 2649 'Olim
928 2603 1181 2649 edebatur:
1223 2618 1444 2667 postea
1497 2604 1755 2649 admira-

179 2690 421 2735 tionem
464 2690 967 2749 percontatione
1013 2707 1058 2750 q.
1103 2690 1135 2734 f.
1180 2706 1226 2751 p.
1293 2692 1370 2734 Ex
1413 2707 1506 2750 quo
1555 2689 1751 2749 Lambi-

178 2790 269 2822 nus
301 2775 442 2820 fecit:
493 2775 1003 2822 admirationem
1055 2792 1190 2821 cum
1231 2775 1748 2838 percontatione.
