1924 3224
256 65 417 103 *ιζ-ι

299 244 407 340 A&
466 241 976 328 ΗΕΒΕῌΝΙΠΜ
1035 242 1299 285 LIB.11.
1348 248 1521 299 2425.
1580 258 1696 314 >59

136 405 293 457 nibus
316 421 426 455 non
456 405 732 462 universa,
773 415 942 472 neque
973 402 1244 460 absoluta,
1299 403 1391 452 sed
1419 414 1697 452 extenuata

134 493 341 540 ratione
379 491 639 557 expositio
681 487 1049 544 confirmatur.
1137 490 1268 538 Item
1304 486 1520 536 infirma
1557 491 1697 539 ratio

135 586 246 635 est,
298 591 432 644 quae
468 574 551 624 vel
590 574 680 623 alii
718 574 1036 641 expositioni
1073 584 1248 640 potest
1290 574 1696 631 accommodari,
1767 580 1771 582 ’

136 671 198 709 ut
222 657 352 708 facit
374 662 634 710 Pacuvius
650 696 664 717 ‚
705 661 799 728 qui
822 643 1042 708 eandem
1068 655 1220 706 affert
1243 661 1532 717 rationem,
1574 677 1698 729 qua-

137 761 194 794 re
220 761 401 805 caeca,
442 745 692 803 eandem,
733 761 895 813 quare
921 742 1081 792 bruta
1099 744 1346 810 *Fortuna
1378 745 1601 795 dicatur.

249 869 332 918 25.
372 859 434 907 In
467 855 877 909 confirmatione
910 857 1164 914 rationis,
1215 856 1382 905 multa
1408 869 1462 906 et
1485 858 1703 910 vitanda
1742 886 1750 889 -

139 945 196 994 in
223 948 431 1001 nostra,
485 956 537 993 et
578 943 906 995 observanda
941 943 996 990 in
1034 942 1457 993 adversariorum
1491 945 1698 993 ratione

140 1041 262 1078 sunt
294 1030 455 1088 vitia;
529 1040 911 1098 proptereaque
953 1027 1259 1099 diligentius
1301 1029 1699 1087 consideranda,

141 1114 288 1184 quod
325 1125 566 1174 accurata
606 1110 942 1162 confirmatio
969 1114 1193 1162 rationis
1221 1123 1391 1162 totam
1427 1112 1700 1164 vehemen-

141 1201 346 1248 tissime
383 1197 692 1265 comprobat
731 1199 1260 1268 argumentationem.
1334 1200 1572 1248 Utuntur
1608 1199 1704 1269 igi-

141 1297 231 1333 tur
271 1285 498 1334 studiosi
530 1285 585 1332 in
626 1281 990 1335 confirmanda
1025 1285 1232 1334 ratione
1271 1283 1471 1351 duplici
1497 1283 1703 1333 conclu·

144 1372 293 1420 sione
308 1406 323 1427 ,
362 1368 467 1419 hoc
481 1394 487 1400 ·
502 1369 662 1419 modo
679 1385 692 1419 z
1551 1416 1558 1444 4

259 1496 441 1540 Inimia
472 1495 551 1539 abs
583 1509 628 1539 te
660 1496 846 1540 afficior
873 1494 1095 1555 indigna,
1127 1509 1273 1555 pater.

258 1583 404 1631 Nam,
433 1581 474 1624 si
504 1581 846 1640 Cresphontem
879 1580 1179 1624 existimabas
1207 1579 1499 1640 improbum,

262 1668 362 1712 Cur
389 1683 466 1711 me
495 1666 610 1710 huic
638 1666 824 1710 locabas
853 1656 1071 1726 nuptiis?
1112 1663 1186 1710 sin
1217 1680 1284 1710 est
1311 1666 1505 1726 probus,

263 1754 362 1798 Cur
391 1752 765 1798 talem.'invitam
793 1744 1007 1796 invitum
1035 1753 1167 1812 cogis
1195 1749 1448 1812 linquere?

151 1872 301 1937 Quae
323 1868 427 1920 hoc
454 1870 615 1920 modo
639 1859 1044 1926 concludentur,
1086 1880 1179 1918 aut
1205 1886 1265 1918 ex
1292 1869 1559 1918 contrario
1588 1885 1707 1917 con*

148 1947 450 2013 vertentur,
524 1967 614 2004 aut
664 1972 725 2004 ex
773 1955 1001 2022 simplici
1047 1965 1198 2023 parte
1243 1952 1706 2022 reprehendentur.

148 2041 227 2091 Ex
259 2042 555 2098 contrarie,
592 2039 695 2093 hoc
720 2041 913 2090 modo:

265 2150 412 2197 Nulla
441 2164 485 2194 te
513 2151 737 2211 indigna,
768 2165 901 2202 nata,
932 2151 1091 2196 afficio
1122 2148 1319 2194 iniuria.

267 2237 319 2280 Si
348 2236 524 2296 probus
553 2250 644 2288 est,
675 2252 719 2282 te
747 2238 931 2283 locavi:
961 2238 1035 2281 sin
1063 2240 1222 2281 autem
1245 2233 1512 2295 improbus,

269 2319 499 2368 Divortio
530 2323 812 2370 tei-liberabo
841 2324 1175 2369 incommodis.

155 2441 234 2490 Ex
259 2439 485 2505 simplici
511 2452 656 2507 parte
683 2441 1158 2508 reprehendentur,
1198 2440 1245 2488 si
1269 2455 1330 2487 ex
1360 2436 1562 2504 duplici
1586 2453 1720 2487 con—-

158 2524 392 2574 elusione
420 2525 666 2573 alterutra
692 2544 812 2593 pars
840 2527 1099 2583 diluetur,
1138 2523 1241 2574 hoc
1265 2523 1454 2574 modo:
1613 2519 1617 2521 Δ

267 2636 393 2680 Nam
423 2635 463 2679 si
493 2636 837 2696 Cresphontem
866 2633 1168 2680 existimabas
1195 2634 1488 2695 improbum,
1542 2694 1546 2697 Δ

271 2720 370 2763 Cur
396 2737 472 2763 me
500 2720 617 2764 huic'
640 2721 827 2775 locabas
855 2719 1074 2782 nuptiis?
1100 2747 1154 2756 —
1181 2720 1318 2763 Duxi
1343 2718 1561 2778 probum.

271 2807 466 2857 Erravi3
496 2816 603 2867 post
630 2808 864 2868 cognovi,
897 2821 943 2851 et
970 2807 1103 2868 fugio
1135 2806 1394 2865 cognitum.
