1878 3198
259 400 298 476 s
381 420 441 475 U
525 415 602 477 Μ
685 371 898 488 Μ,Ᾰ
982 418 1033 473 R
1119 419 1293 473 115
1379 416 1456 472 M

510 598 795 642 LIBRI
872 598 1198 649 PRIMI.

71 806 118 860 P
132 827 157 856 r
169 827 198 856 o
215 827 244 857 o
260 829 284 857 e
297 828 345 856 m
360 814 379 856 i
394 830 428 858 u
441 829 490 857 m
517 813 574 858 de
603 813 902 874 eloquentiae
930 812 987 856 ad
1013 827 1163 873 remp.
1191 810 1400 855 utilitate
1412 841 1425 861 ,
1463 812 1537 868 (c.
1564 811 1637 864 1.)

72 897 269 958 eiusque
306 897 530 943 inventae
571 911 618 943 et
637 898 892 958 -perfectae
909 886 910 889 Ἴ
932 898 1083 942 causis
1098 930 1111 948 ‚
1129 946 1131 951 ¹
1158 901 1179 954 (
1193 914 1232 940 c.
1263 898 1338 951 2.)
1381 895 1551 941 deinde
1583 894 1641 939 do

71 982 264 1028 invecto
296 983 398 1028 eius
428 984 579 1029 abusu
593 1015 604 1033 ,
639 988 711 1042 (c.
740 997 782 1039 5.
797 986 817 1040 )
859 983 1050 1030 disserit
1064 1015 1075 1033 ,
1106 982 1268 1026 nihilo
1299 981 1452 1026 secius
1483 994 1638 1026 tamen

71 1067 372 1130 eloquentiae
402 1070 691 1115 studendum
720 1087 915 1129 eamque
946 1064 1057 1114 cum
1087 1067 1318 1128 sapientia
1341 1067 1639 1127 coniungen-

70 1154 178 1198 dam
208 1171 306 1200 esse
319 1187 332 1206 ,
374 1155 525 1201 docet.
557 1159 634 1212 (c.
663 1158 740 1210 4.)
1027 1142 1029 1145 ¹

152 1241 282 1286 Huic
331 1256 363 1302 p
378 1256 403 1284 r
417 1257 447 1286 o
462 1256 490 1285 o
507 1258 531 1284 e
546 1240 672 1285 mio
728 1240 1042 1302 subiungitur
1093 1239 1255 1286 brevis
1288 1238 1549 1302 disputatio
1580 1238 1637 1282 de

70 1326 183 1370 artis
225 1329 460 1372 oratoriae
501 1343 759 1387 genere,
823 1326 1092 1376 officio,
1149 1326 1310 1376 fine,
1367 1324 1638 1369 materia

69 1424 116 1455 et
155 1412 479 1473 partibus·
529 1416 602 1470 (c.
631 1413 818 1469 5-«7.)
890 1413 960 1457 Ac
1003 1413 1275 1456 materia
1319 1411 1516 1472 quidem
1566 1425 1636 1453 se·-

68 1497 279 1541 cundum
319 1497 632 1543 Aristotelem
685 1499 839 1543 tribus
885 1498 1163 1543 orationum
1203 1497 1461 1557 generibus
1476 1528 1490 1546 ,
1534 1495 1564 1538 d
1578 1511 1601 1538 e
1617 1518 1636 1527 -

67 1584 538 1634 monstrativo‚
583 1582 1064 1633 deliberativo,
1114 1582 1435 1627 iudiciali
1463 1581 1635 1626 defini·

69 1682 148 1712 tur
161 1701 174 1719 ,
207 1682 252 1713 et
281 1671 597 1730 Hermagoras
610 1703 624 1721 ,
669 1670 757 1730 qui
787 1669 991 1714 oratoris
1022 1669 1268 1713 materiam
1297 1668 1351 1712 in
1394 1684 1419 1712 c
1433 1685 1456 1710 a
1470 1684 1503 1712 u
1514 1682 1573 1710 s0a
1585 1682 1635 1714 m

68 1767 116 1799 et
142 1754 197 1798 in
240 1772 268 1815 q
285 1772 319 1800 u
332 1771 356 1799 a
373 1772 396 1800 e
409 1771 430 1800 s
448 1755 542 1800 tio
557 1771 589 1798 ιι
604 1772 628 1800 e
642 1772 692 1799 m
733 1755 961 1801 diviserat
973 1788 985 1806 .
1039 1754 1422 1815 reprehenditur.
1454 1756 1526 1810 (c.
1538 1775 1542 1782 =
1556 1751 1635 1805 6.)

67 1842 102 1883 P
118 1857 142 1884 a
155 1856 180 1884 r
193 1853 212 1884 t
227 1858 250 1885 e
263 1856 284 1885 s
314 1827 470 1885 autem
498 1841 763 1886 rhetoricae
792 1853 1106 1885 numerantur
1145 1840 1359 1900 quinque
1374 1871 1386 1889 ,
1418 1838 1482 1881 in
1494 1853 1529 1883 v
1543 1854 1565 1880 e
1580 1853 1633 1879 n-

70 1927 190 1976 tio,
247 1927 640 1987 dispositio,
685 1926 1070 1987 eloquudo,
1111 1925 1445 1974 memoria,
1488 1937 1638 1984 pro·

66 2011 436 2074 nuntiatio.
481 2015 554 2070 (c.
603 2013 683 2068 7.)

154 2097 380 2157 Sequitur
406 2097 543 2142 locus
574 2098 631 2141 de
674 2097 740 2142 in
754 2114 789 2144 v
802 2115 826 2143 e
841 2116 872 2143 ιι
890 2112 907 2143 t
920 2099 941 2142 i
956 2114 1030 2153 on
1046 2115 1070 2143 e
1085 2114 1099 2150 ;
1152 2098 1242 2142 ubi
1269 2097 1487 2158 primum
1515 2094 1633 2155 quid

67 2181 132 2225 sit
171 2171 606 2233 constitutio,
647 2201 863 2245 quaeque
893 2185 956 2229 sit
984 2183 1270 2229 constitutio
1303 2199 1327 2226 e
1344 2181 1634 2227 cniectu-

66 2265 257 2318 ralis‚
320 2267 706 2320 definitiva,
763 2270 1121 2330 generalis,
1198 2265 1626 2319 translativa,

68 2352 340 2412 exponitur.
372 2355 394 2409 (
407 2370 444 2398 c.
474 2360 517 2408 8.
539 2355 622 2412 19.)
685 2355 859 2400 Obiter
887 2351 1204 2415 Hermagoras
1235 2353 1469 2398 refutatur
1481 2385 1495 2402 ,
1542 2351 1631 2412 qui

67 2437 408 2482 constitutioni
449 2439 661 2498 generali
700 2453 855 2501 partes
885 2454 1092 2502 quatuor
1121 2448 1435 2500 supposuerat
1447 2471 1461 2488 ,
1513 2435 1632 2482 deli·

66 2522 326 2568 berativam
339 2555 352 2574 ,
416 2523 837 2571 demonstrativam
854 2559 866 2577 ‚
922 2525 1244 2570 iuridicialem
1258 2557 1271 2575 ,
1326 2522 1632 2584 negotialem.

68 2611 138 2663 (c.
171 2625 238 2653 10.
253 2609 275 2664 )
350 2610 480 2653 Tum
507 2609 740 2669 generalis
771 2612 1054 2656 constitutio
1095 2610 1335 2656 dividitur
1374 2610 1430 2655 in
1458 2609 1479 2652 i
1494 2627 1528 2653 u
1541 2609 1633 2652 ri·

68 2694 375 2739 dicialem
418 2707 465 2739 et
493 2696 917 2755 negotialem.
982 2688 1274 2741 iuridicialis
1305 2696 1359 2739 in
1390 2696 1504 2740 duas
1537 2695 1634 2738 dis-

7 2792 9 2797 ’
77 2778 307 2824 tribuitur
335 2793 516 2838 partes,
561 2780 927 2826 absolutam
957 2795 1003 2825 et
1030 2781 1479 2827 assumtivam.
1526 2781 1639 2823 ..As-
