1878 3198
20 268 29 276 x
16 220 20 225 -
15 98 34 202 '‘ft-f&
16 0 45 83 ’κῃ

236 190 959 264 „RHETORICORUM
1015 193 1178 238 Lm.
1229 196 1299 238 11.
1359 193 1439 250 47.⁴
1565 197 1699 262 543'

29 388 37 399 ,
99 357 196 426 qui
233 338 293 404 ea
334 352 494 406 verba
533 351 808 414 habuerit,
848 354 1107 407 accedere.
1181 355 1387 406 Deinde
1425 373 1486 405 ex
1523 356 1669 407 utili-

99 442 222 491 tatis
264 452 315 490 et
356 437 646 490 honestatis
689 439 930 507 partibus
953 439 1235 500 ostendet,
1274 461 1432 512 quam
1458 442 1667 508 inutile,

39 545 48 550 ·
98 539 192 576 aut
239 545 398 597 quam
450 517 603 593 tuipe
663 528 735 575 sit
778 525 866 583 id,
941 527 1085 595 quod
1144 526 1431 577 adversarii
1490 512 1671 588 dicant

67 681 73 686 ,
98 609 220 661 fieri
259 614 594 679 opoituisse,
635 622 724 659 aut
753 623 1028 678 opoite1e;
1080 623 1132 660 et
1159 612 1248 671 id,
1300 614 1446 683 quod
1471 630 1567 662 nos
1586 610 1668 662 fe-

15 687 46 701 *
98 702 375 755 cerimus„
415 710 508 747 aut
543 696 904 764 postulemuS,
969 715 1127 766 quam
1165 697 1325 756 utile,
1382 709 1669 767 autssquam

95 782 383 835 honestum
420 786 519 843 sit3
573 782 764 832 deinde
812 781 951 852 leges
1002 782 1159 833 nobis
1210 801 1355 833 caras
1410 793 1521 833 es'se
1559 801 1669 833 non

95 881 313 937 propter
349 868 556 927 literas,
597 884 734 937 quae
770 879 954 917 tenues
995 880 1047 917 et
1085 868 1343 922 obscurae
1378 880 1535 930 notae
1560 870 1671 918 sint

94 953 418 1011 voluntatis,
482 954 575 1003 sed
611 965 828 1020 propter
878 969 1056 1002 earum
1094 972 1300 1014 rerum,
1371 953 1564 1024 quibus
1604 954 1670 1004 de

93 1038 252 1089 rebus
290 1040 546 1105 scriptum
587 1050 695 1096 est,
735 1038 1051 1099 utilitatem,
1092 1052 1144 1089 et
1177 1057 1390 1098 eorum,
1430 1042 1524 1109 qui
1547 1032 1671 1088 scri·

93 1136 342 1194 pserunt,
382 1124 698 1193 sapientiam
737 1134 790 1172 et
824 1123 1172 1199 diligentiam.
1260 1127 1482 1182 Postea,
1537 1123 1671 1195 quid

94 1213 167 1262 sit
213 1211 325 1271 lex,
389 1209 682 1269 describet,
748 1220 806 1259 ut
855 1226 914 1258 ea
975 1211 1219 1261 videatur
1269 1213 1325 1259 in
1375 1212 1669 1272 sententiis,

15 1315 18 1317 ·
94 1314 203 1357 non
240 1299 298 1346 in
336 1295 510 1348 verbis
551 1296 869 1353 consiste1e3
910 1306 962 1344 et
999 1295 1156 1347 iudex
1193 1297 1237 1344 is
1277 1297 1520 1348 videatur
1564 1296 1670 1368 legi

94 1366 485 1451 obtemperare,
539 1382 632 1450 qui
682 1382 999 1430 sententiam
1051 1383 1193 1440 eius,
1255 1398 1362 1431 non
1411 1384 1504 1450 qui
1543 1382 1667 1434 sc1i·

91 1479 303 1536 pturam
341 1477 607 1539 sequatur.
675 1467 896 1524 Deinde,
937 1483 1096 1535 quam
1137 1467 1415 1537 indignum
1453 1469 1540 1525 sit,
1582 1483 1666 1516 eo-

20 1576 33 1583 *
93 1553 212 1603 dem
252 1550 393 1601 affici
431 1551 691 1619 supplicio
732 1552 1017 1620 eum„qui
1053 1564 1270 1620 propter
1309 1552 1528 1622 aliquod
1562 1569 1668 1601 sce·
1715 1546 1725 1599 s

89 1637 172 1687 lus
213 1649 265 1688 et
302 1637 578 1689 audaciam
618 1647 801 1686 contra
838 1635 1007 1706 legem
1044 1633 1259 1699 fecerit,
1299 1649 1351 1686 et
1389 1655 1537 1696 eum,
1573 1638 1669 1705 qui

12 1783 18 1791 ,
91 1721 342 1780 honesta,
383 1734 475 1771 aut
503 1723 795 1770 necessaria
833 1721 897 1769 de
937 1738 1120 1780 causa,
1163 1740 1272 1772 non
1298 1722 1362 1771 ab
1390 1724 1668 1786 sententia,

4 1823 19 1844 2
92 1808 183 1858 sed
222 1807 287 1857 ab
327 1808 492 1856 literis
533 1807 663 1877 legis
703 1807 977 1855 recesserit
991 1823 1006 1865 ;
1048 1818 1207 1875 atque
1243 1805 1360 1877 his,
1402 1820 1455 1856 et
1487 1806 1668 1863 huius·-

56 1890 60 1892 ’
92 1894 241 1943 modi
278 1890 603 1951 rationibus,
645 1904 697 1940 et
735 1893 904 1958 accipi
943 1909 1184 1949 causam,
1223 1905 1277 1941 et
1309 1878 1368 1942 in
1406 1891 1506 1942 hac
1555 1893 1669 1964 lege

92 1979 290 2044 accipi,
351 1989 403 2026 et
441 1994 554 2026 eam
595 1994 833 2036 causam,
898 1995 1057 2046 quam
1095 1979 1208 2045 ipse
1248 1976 1460 2037 afferat,
1514 1996 1667 2046 opor-

91 2073 200 2111 tere
231 2054 400 2129 accipi
432 2059 834 2112 demonstrabit.
909 2063 979 2110 Et
1016 2063 1468 2130 quemadmodum
1504 2066 1552 2111 ei
1591 2064 1670 2114 di..

44 2164 47 2167 ·
91 2146 368 2206 cebamus,
439 2149 533 2217 qui
571 2165 600 2195 a
639 2149 834 2213 scripto
875 2146 1101 2204 diceret,
1152 2146 1257 2198 hoc
1295 2145 1410 2197 fore
1448 2147 1670 2197 utilissi-

14 2259 16 2261 v
91 2250 266 2291 mum,
331 2234 377 2281 si
415 2233 549 2302 quid
588 2233 652 2282 de
690 2236 954 2301 aequitate
993 2250 1086 2289 ea,
1151 2250 1285 2302 quae
1325 2250 1444 2281 cum
1486 2232 1668 2283 adver*

93 2319 232 2366 sario
272 2329 466 2375 staret,
507 2318 842 2387 derogasset3
899 2320 975 2366 sic
1011 2316 1164 2374 huic,
1207 2318 1300 2386 qui
1334 2307 1517 2366 contra
1544 2318 1668 2366 scri-

13 2403 27 2422 ’·
91 2413 243 2470 ptum
281 2403 448 2460 dicet,
506 2402 794 2469 plurimum
831 2403 1100 2469 proderit,
1154 2419 1214 2450 ex
1252 2403 1367 2468 ipsa
1402 2404 1666 2468 scriptura

93 2485 297 2555 aliquid
335 2486 403 2537 ad
441 2505 591 2537 suam
631 2505 842 2537 causam
881 2498 1214 2543 convertere,
1293 2497 1386 2535 aut
1424 2485 1675 2558 ambigue

93 2563 296 2640 aliquid
332 2575 589 2640 scriptum
628 2574 935 2637 ostendere,
1011 2571 1201 2622 deinde
1253 2588 1314 2619 ex
1369 2570 1461 2620 illo
1502 2562 1672 2620 ambi*

22 2704 31 2709 ,
90 2673 196 2726 guo
235 2674 348 2705 eam
387 2670 619 2724 partem,
657 2674 794 2727 quae
829 2656 934 2706 sibi
971 2658 1168 2723 prosit,
1222 2653 1537 2714 defendere,
1575 2666 1667 2728 aut

94 2740 241 2792 verbi
287 2740 659 2793 definitionem
708 2742 989 2799 inducere,
1053 2753 1107 2791 et
1162 2740 1305 2790 illius
1356 2739 1502 2805 yerbi
1540 2742 1665 2797 vim,
