1924 3224
245 232 346 299 Ar)
400 188 899 274 HERENNIUM
955 225 1117 270 LIB.
1174 226 1307 281 111.
1350 235 1403 282 5.
1457 195 1546 285 42
1613 232 1727 290 77'

161 414 174 422 x
220 402 271 451 5.
335 391 528 442 Oinnes
579 389 673 458 qui
721 388 1031 437 sententiam
1082 387 1288 445 dicent,
1360 382 1526 435 finem
1577 383 1683 437 sibi

116 478 392 529 conveniet
426 474 673 525 utilitatis
710 464 1006 541 proponere
1024 506 1043 531 ,
1110 484 1172 522 ut
1208 474 1380 523 omnis
1418 489 1480 522 eo
1517 475 1683 522 totius

115 564 374 614 orationis
433 562 570 610 ratio
633 557 947 609 conferatur.
1062 555 1360 608 Utilitas
1421 559 1488 606 -in
1550 559 1681 608 duas

112 660 287 716 partes
325 649 384 697 in
421 646 566 698 civili
591 644 975 695 consultatione
1007 643 1294 701 dividitur,
1354 661 1465 692 rem
1492 654 1683 703 tutam,

115 746 168 784 et
201 722 491 784 honestam.
613 733 783 780 Tuta
835 741 939 787 est,
1007 746 1142 798 quae
1177 727 1401 778 conficit
1437 732 1685 781 instantis

115 831 209 868 aut
261 817 630 886 consequentis
680 814 906 882 periculi
956 814 1266 864 vitationem
1316 815 1555 884 qualibet
1603 833 1683 865 ra·

112 905 275 967 tio—ne.
362 905 501 951 Haec
528 900 868 951 distribuitur
902 900 958 947 in
982 901 1092 950 vim
1117 910 1170 949 et
1195 900 1404 950 dolum:
1455 918 1686 970 quorum

106 989 206 1039 'aut
231 988 454 1038 alterum
483 987 763 1053 separatim
779 1021 794 1042 ‚
847 996 938 1034 aut
962 996 1246 1054 utrumque
1266 1003 1537 1035 »sumemus
1563 1004 1684 1036 con·

115 1075 355 1124 iunctim.
443 1073 560 1124 Vis
622 1070 920 1120 decernitur
983 1086 1079 1136 per
1129 1071 1414 1129 exercitus,
1477 1070 1684 1129 classes,

115 1177 288 1216 arma,
350 1167 647 1212 tormenta,
711 1155 1044 1204 evocationes
1093 1152 1402 1215 hominum,
1466 1168 1518 1205 et
1556 1157 1685 1207 alias

112 1243 449 1310 huiusmodi*
476 1257 575 1290 res.
674 1239 890 1288 Dolus
953 1240 1282 1289 consumitur
1336 1242 1393 1289 in
1440 1244 1683 1309 pecunia,

112 1318 543 1398 pollicitatione,'
590 1324 1044 1382 dissimulatione,
1106 1327 1490 1386 maturatione,
1541 1344 1685 1377 men-

53 1451 59 1453 .
112 1417 289 1473 tione,
353 1424 404 1462 et
441 1412 624 1461 ceteris
660 1409 847 1468 rebus,
910 1410 977 1459 de
1029 1408 1224 1478 quibus
1286 1413 1453 1482 magis
1488 1412 1683 1462 idoneo

112 1511 351 1566 tempore
387 1487 698 1566 loquemur,
757 1498 803 1545 si
845 1495 1058 1565 quando
1098 1495 1163 1544 de
1200 1513 1256 1544 re
1291 1497 1540 1555 militari,
1594 1509 1687 1547 aut

116 1585 181 1635 de
210 1583 665 1634 administratione
692 1580 1013 1647 reipublicae
1042 1578 1268 1629 scribere
1298 1580 1550 1631 volemus.

225 1679 272 1733 4.
324 1670 624 1717 Honesta
660 1683 744 1715 res
776 1666 1042 1722 ,dividitur
1078 1667 1134 1714 in'
1176 1677 1377 1714 rectum
1416 1678 1468 1715 et
1502 1666 1681 1716 lauda-

115 1753 238 1804 bile.
311 1755 590 1803 Rectum
642 1763 746 1810 est,
798 1752 945 1820 quod
996 1768 1114 1801 cum
1165 1752 1361 1802 virtute
1411 1763 1465 1801 et
1500 1749 1682 1802 officio
1731 1812 1751 1822 X*

117 1836 199 1888 fit.
284 1838 345 1888 Id
382 1837 641 1888 dividitur
677 1838 732 1885 in
767 1837 1133 1904 prudentiam,
1191 1837 1478 1896 iustitiam,
1531 1835 1681 1888 forti·

115 1923 387 1981 tudinem,
439 1924 770 1973 modestiam.
857 1922 1239 1972 Prudentia
1287 1934 1366 1972 est
1403 1922 1680 1983 calliditas,

119 2025 252 2078 quae
286 2008 494 2057 ratione
532 2008 761 2076 quadam
796 2019 971 2074 potest
1009 2006 1267 2057 delectum
1299 2006 1491 2056 hahere
1515 2007 1682 2058 hono-

117 2111 236 2142 rum
265 2105 317 2142 et
340 2092 616 2161 malorum.
713 2094 925 2143 Dicitur
950 2095 1079 2142 item
1102 2093 1379 2160 prudentia
1398 2128 1413 2150 ,
1462 2095 1679 2143 scientia

120 2178 391 2228 cuiusdam
415 2173 651 2226 artificii.
725 2178 857 2227 Item
885 2178 1176 2246 appellatur
1197 2178 1505 2245 prudentia,
1545 2178 1679 2227 mul-

118 2275 291 2312 tarum
329 2280 506 2311 rerum
540 2264 795 2311 memoria
829 2274 882 2313 et
906 2281 1031 2313 usus
1060 2263 1409 2330 complurium
1437 2264 1679 2333 negotio-

118 2365 252 2397 rum.
339 2348 631 2395 Iustitia
677 2359 756 2397 est
793 2351 1057 2418 aequitas,
1121 2350 1203 2398 ius
1250 2348 1536 2416 unicuique
1583 2350 1676 2398 tri-

117 2430 312 2489 buens,
375 2447 471 2498 pro
511 2432 769 2502 dignitate
802 2435 1070 2503 cuiusque.
1168 2433 1551 2483 Fortitudo
1603 2445 1681 2483 est

120 2534 294 2565 rerum
318 2534 620 2587 magnarum
647 2519 903 2586 appetitio
918 2555 934 2577 ,
975 2530 1027 2567 et
1051 2535 1226 2566 rerum
1248 2515 1528 2586 humilium
1555 2535 1677 2568 con-

118 2603 333 2660 temtio,
399 2613 451 2651 et
484 2601 680 2652 laboris
717 2621 833 2653 cum
867 2603 1114 2652 utilitatis
1148 2603 1353 2652 ratione
1386 2603 1674 2669 perpessio·

119 2686 462 2736 Modestia
499 2698 575 2736 est
612 2689 668 2736 in
706 2691 879 2739 animo
909 2690 1179 2737 continens
1211 2687 1504 2738 moderatio
1533 2686 1675 2753 cupi-

123 2770 353 2823 ditatem.
441 2772 859 2824 Prudentiae
897 2772 1135 2842 partibus
1172 2783 1383 2823 utemur
1419 2774 1474 2821 in
1500 2773 1674 2823 dicen·
