1924 3224
218 228 323 274 AD
375 225 882 273 HERENNIUM
940 225 1099 273 L113.
1152 226 1279 273 1⁷11.
1333 245 1411 272 u.
1456 240 1537 289 12„
1572 243 1672 301 s(39

105 400 290 461 genter
337 390 576 457 scripsit:
615 388 796 453 (nam
846 405 1027 440 omnes
1078 391 1165 442 vix
1209 406 1368 459 posse
1414 375 1675 459 putarunt

106 475 171 525 de
203 491 362 534 voce,
402 487 456 524 et
490 475 677 534 vultu,
718 487 776 525 et
810 487 963 547 gestu
1002 475 1231 526 dilucide
1271 475 1462 535 scribi,
1503 496 1673 547 quum
1711 478 1715 479 ⁷

104 559 205 611 hae
265 578 350 611 res
409 561 478 612 ad
536 579 721 611 sensus
772 573 987 636 nostros
1042 564 1398 630 pertinerent)
1449 575 1499 614 et
1548 566 1674 635 quia

105 663 422 718 magnopere
475 664 535 696 ea
579 665 700 716 pars
751 666 781 696 a
828 647 984 698 nobis
1033 649 1101 700 ad
1144 649 1427 700 dicendum
1465 667 1674 718 compa-

105 733 271 783 randa
311 744 421 792 est,
472 750 582 784 non
619 733 944 805 negligenter
980 735 1191 788 videtur
1226 748 1343 787 tota
1379 752 1462 786 res
1501 737 1673 786 consi·

106 818 354 870 deranda.

210 905 484 955 Dividitur
527 905 693 975 igitur
732 906 1101 973 pronuntiatio
1141 907 1197 955 in
1233 908 1380 958 vocis
1419 904 1671 980 figuram,

106 1001 159 1040 et
185 992 423 1057 corporis
447 1002 673 1040 motum.
747 992 999 1061 Figura
1027 994 1172 1042 vocis
1200 1003 1309 1051 est,
1350 1010 1487 1063 quae
1515 1003 1672 1043 suum

105 1076 372 1144 quendam
434 1076 677 1143 possidet
736 1074 981 1129 habitum
1041 1078 1251 1126 ratione
1298 1088 1351 1127 et
1408 1069 1674 1127 industria
1725 1082 1727 1084 ’
1791 1086 1801 1095 “

105 1172 485 1228 comparatum.
558 1163 634 1212 Ea
675 1162 932 1213 dividitur
969 1162 1026 1210 in
1063 1173 1167 1211 tres
1206 1173 1413 1229 partes,
1471 1165 1671 1233 magni-

106 1247 373 1305 tudinem,
426 1244 849 1308 firmitudinem,
902 1247 1312 1298 mollitudinem.
1409 1251 1671 1320 Magni-

104 1333 419 1384 tudinem
459 1334 607 1384 vocis
646 1335 870 1383 maxime
910 1345 1182 1401 comparat
1220 1346 1441 1394 natura,
1483 1335 1671 1385 nonni-

104 1414 183 1467 hil
231 1417 487 1488 adauget,
553 1418 648 1468 sed
692 1420 921 1467 maxime
963 1431 1241 1471 conservat
1285 1438 1426 1470 cura.
1523 1421 1673 1469 Fir-

103 1504 516 1553 mitudinem
563 1505 710 1555 vocis
745 1506 972 1554 maxime
1022 1523 1146 1554 cura
1185 1516 1488 1572 comparat,
1540 1522 1671 1554 non·

103 1587 240 1638 nihil
277 1589 532 1659 adauget,
599 1589 692 1639 sed
739 1591 964 1640 maxime
1016 1602 1292 1642 conservat
1328 1592 1466 1640 ratio
1505 1589 1672 1642 decla-

102 1675 369 1723 matianis.
478 1673 998 1724 Moll‘itudinem
1047 1673 1222 1734 vocis,
1294 1675 1398 1726 hoc
1427 1687 1545 1734 est,
1612 1687 1675 1725 ut

104 1776 220 1809 eam
269 1770 538 1828 torquere*
567 1760 917 1821 indicendo,
981 1779 1080 1830 pro
1131 1773 1314 1812 nostro
1367 1762 1670 1819 commodO,

101 1845 399 1912 possimuS,
450 1847 676 1895 maxime
716 1842 888 1895 faciet.
913 1848 1216 1901 exercitatio
1251 1846 1670 1897 declamationiS.

107 1930 444 1999 Quapropter
479 1931 543 1981 de
578 1932 943 2002 magnitudine
980 1934 1158 1992 vocis,
1224 1943 1277 1982 et
1318 1930 1672 1981 firmitudinis

103 2027 287 2083 parte,
335 2017 590 2086 quoniam
630 2017 791 2066 altera
828 2030 1044 2077 natura,
1103 2017 1263 2068 altera
1297 2034 1423 2067 cura
1462 2034 1673 2083 compa-

106 2112 282 2159 ratur,
321 2099 455 2150 nihil
488 2102 557 2151 ad
592 2119 689 2152 nos
726 2105 917 2152 attinet
955 2120 1321 2161 commonere,
1359 2104 1464 2151 nisi
1502 2113 1564 2150 ut
1605 2099 1672 2150 ab

105 2186 204 2242 iis,
245 2187 339 2255 qui
375 2203 483 2236 non
519 2188 676 2237 inscii
713 2200 838 2237 sunt
877 2190 990 2238 eius
1034 2185 1283 2246 aitifieii,
1323 2189 1460 2237 ratio
1486 2203 1669 2235 curau-

109 2272 207 2320 dae
244 2273 389 2323 vocis
425 2283 652 2339 petatur.

219 2370 299 2407 12.
335 2359 415 2406 De
452 2374 511 2406 ea
546 2368 696 2425 parte
732 2355 1114 2435 firmitudinis,
1156 2366 1291 2428 quae
1327 2338 1670 2405 conservatur

46 2455 50 2458 ’
108 2442 314 2492 ratione
363 2442 791 2502 declamationis,
880 2455 930 2493 et
980 2445 1044 2493 de
1089 2442 1430 2493 *mollitudine
1487 2440 1668 2498 vocis,

110 2543 244 2595 quae
294 2529 520 2576 maxime
567 2530 859 2579 necessaria
906 2540 987 2578 est
1022 2530 1252 2587 oratori,
1316 2527 1570 2598 quoniam
1608 2542 1670 2573 ea

110 2629 326 2682 quoque
363 2613 724 2664 moderatione
746 2614 1149 2665 ‘declamationis
1185 2624 1550 2681 comparatur,
1590 2611 1669 2660 di·

112 2698 334 2747 cendum
371 2699 597 2749 videtur.
684 2701 974 2750 Firmam
1012 2701 1176 2770 igitur
1209 2700 1433 2747 maxime
1470 2697 1668 2764 poteri-

116 2799 231 2833 mus
257 2786 314 2834 in
339 2785 562 2835 dicendo
589 2794 772 2836 vocem
795 2800 1134 2842 conservare,
1184 2783 1232 2832 si
1256 2801 1416 2852 quam
1440 2784 1668 2831 maxime
