1924 3224
1128 142 1148 158 l
1215 137 1218 139 .

191 247 320 303 175
587 224 1474 310 ‘RH-ETORICORUM

248 400 351 452 tibi
388 399 685 452 rhetoricae
725 402 852 452 artis
897 402 1078 453 deesse
1120 404 1310 471 possit.
1409 405 1612 455 Interea
1638 393 1824 472 *prima

248 504 492 556 quaeque
530 499 583 537 et
630 486 938 547 nobiscum,
1009 507 1176 558 quum
1223 488 1397 549 voles,
1465 501 1519 540 et
1555 491 1824 551 interdum

249 575 365 625 sine
387 572 543 622 nobis
582 572 805 644 legendo
834 589 1182 643 consequere3
1237 592 1302 623 ne
1343 564 1477 643 quid
1513 575 1820 643 impediare,

250 660 383 728 quin
421 659 488 709 ad
524 657 662 708 hanc
698 658 986 708 utilitatem
1023 662 1222 726 pariter
1257 655 1542 733 nobiscum
1573 659 1828 730 progredi

246 746 440 811 possis,
525 744 679 793 Nunc
725 755 788 793 tu
834 741 920 793 fac
969 755 1231 794 attentum
1281 757 1334 795 te
1380 743 1661 812 praebeas:
1720 752 1823 796 nos

247 825 521 895 proficisci
558 829 626 878 ad
662 830 909 878 instituta
945 846 1239 900 pergemus.

349 928 406 963 12.
457 913 878 969 Deliberationes
928 917 1125 981 partim
1176 926 1302 964 sunt
1350 911 1694 974 huiusmodi,
1760 924 1824 964 ut

243 1009 563 1068 quaeratur,
638 1011 819 1049 utrum
867 1001 1048 1067 potius
1101 997 1402 1075 faciendum
1452 1001 1573 1073 sit;'¹
1626 1000 1823 1067 partim

242 1083 593 1144 huiusmodi,
657 1095 748 1142 ut,
815 1085 947 1154 quid
1000 1086 1340 1153 potissimum
1390 1082 1693 1136 faciendum
1730 1085 1819 1144 sit,

219 1170 628 1239 ‘consideretun
702 1158 893 1219 Utrum
915 1171 1127 1237 potius,
1165 1169 1270 1221 hoc
1306 1171 1500 1221 modo:
1555 1167 1821 1241 Carthago

246 1255 513 1313 tollenda,
570 1273 637 1302 an
673 1255 1023 1324 relinquenda
1063 1256 1322 1306 videatur.
1411 1257 1556 1322 Quid
1606 1256 1821 1324 potissi·

245 1358 421 1398 mum,
461 1338 565 1389 hoc
589 1351 775 1407 pacto:
815 1351 904 1398 ut,
946 1342 992 1388 si
1017 1340 1281 1390 Hannibal
1307 1341 1600 1401 consultet,
1618 1329 1631 1337 x
1653 1358 1822 1411 quum

247 1443 308 1475 ex
333 1425 485 1475 Italia
514 1422 887 1496 Carthaginem
914 1424 1224 1484 arcessitur,
1264 1427 1321 1475 in
1347 1425 1502 1475 Italia
1530 1437 1818 1485 remaneat,

247 1529 312 1560 an
340 1511 560 1561 domum
585 1509 796 1569 redeat,
847 1528 913 1558 an
936 1511 993 1561 in
1021 1512 1321 1580 Aegyptum
1359 1508 1631 1578 profectus
1669 1527 1822 1561 occu-

245 1607 335 1664 pet
355 1595 746 1645 Alexandriam.
834 1597 968 1645 Item
1008 1584 1414 1645 deliberationes
1453 1597 1650 1663 partim
1673 1597 1831 1664 ipsae<
1866 1649 1880 1655 -

242 1692 461 1750 propter
485 1698 540 1730 se
566 1681 946 1731 consultandae
972 1693 1126 1731 sunt:
1166 1694 1227 1730 ut
1244 1718 1258 1739 ,
1317 1682 1363 1731 si
1389 1679 1645 1750 deliberet
1671 1697 1818 1731 sena-

245 1779 363 1824 ωε,
405 1767 638 1832 captivos
665 1765 731 1815 a'b
754 1765 1004 1816 hostibus
1031 1767 1285 1825 redimat,
1340 1756 1570 1826 airinom
1623 1767 1819 1832 partim

243 1863 461 1921 propter
493 1850 725 1921 aliquam
767 1863 1063 1900 extraneam
1106 1868 1318 1900 causam
1355 1850 1817 1915 veniuntsindeli-

216 1936 573 1987 sberationem
633 1947 685 1985 et
747 1935 1219 1986 consultationem:
1295 1947 1385 1995 ut,
1461 1928 1819 2007 si-iassiberet

247 2034 463 2074 senatus
500 2021 640 2085 bello
679 2021 894 2080 Italico,
959 2020 1198 2071 solvatne
1249 2018 1453 2091 legib-us
1494 2002 1817 2090 S‘ffiffiionem,

247 2103 309 2159 ut
335 2126 454 2159 eum
481 2107 636 2158 liceat
663 2119 784 2157 ante
810 2117 1016 2174 tempus
1045 2105 1316 2156 consulem
1340 2104 1493 2169 fieri3
1543 2108 1739 2176 partim
1765 2119 1820 2158 et

247 2206 462 2262 propter
515 2211 570 2244 se
618 2204 743 2268 sunt
794 2190 1192 2249 deliberandae,
1258 2203 1311 2241 et
1372 2195 1540 2264 magis
1600 2203 1818 2260 propter

250 2292 547 2329 extraneam
586 2296 797 2329 causam
830 2279 1050 2329 veniunt
1102 2279 1159 2326 in
1197 2278 1671 2329 consultationem:
1734 2289 1813 2338 ut,

253 2368 299 2415 si
337 2365 590 2416 deliberet
628 2376 838 2415 senatus
876 2362 1014 2413 bello
1056 2362 1272 2421 Italico,
1336 2366 1495 2414 sociis
1550 2365 1818 2414 civitatem

253 2451 373 2510 det,
399 2459 479 2500 ”an
509 2469 633 2501 non.
708 2451 767 2499 In
794 2448 988 2519 quibus
1027 2450 1199 2499 causis
1236 2451 1335 2499 rei
1376 2460 1616 2500 natura
1657 2445 1820 2499 faciet

252 2534 717 2595 deliberationem,
769 2537 942 2585 omnis
970 2537 1142 2585 oratio
1170 2534 1237 2585 ad
1271 2536 1441 2602 ipsam
1469 2552 1579 2585 rem
1617 2542 1818 2584 accom-

254 2622 575 2672 modabitur.
649 2623 708 2671 In
738 2621 933 2692 quibus
962 2632 1286 2671 extranea
1320 2638 1530 2671 causa
1566 2617 1818 2671 conficiet

255 2705 717 2766 deliberationem,
757 2710 813 2757 in
841 2707 925 2758 his
953 2725 1009 2756 ea
1036 2708 1146 2775 ipsa
1179 2724 1332 2756 causa
1364 2710 1463 2756 erit
1490 2705 1816 2777 adaugenda,
1840 2773 1847 2776 μ

261 2804 355 2842 aut
391 2792 748 2860 deprimenda.
