1878 3198
207 213 910 322 *RHETVORICORUM
974 251 1136 296 Lm.
1191 233 1240 295 14
1287 261 1341 305 5.
1392 259 1447 308 4.
1566 273 1660 326 19¹

101 414 236 464 rarii
272 425 438 484 atque
468 413 692 466 audaces
737 410 976 470 homines
1014 423 1368 471 accesserant,
1442 413 1665 461 maxima

110 498 180 548 ac*
204 499 499 548 miserrima
535 495 814 568 naufragia
854 495 1074 548 fiebant.

215 592 265 648 4.
332 582 541 650 Quibus
588 582 747 633 rebus
796 594 1003 633 tantum
1053 583 1170 635 odii
1221 594 1380 653 atque
1435 582 1669 635 invidiae

108 669 344 735 suscepit
402 668 737 738 eloquentia,
810 680 870 718 ut
934 667 1174 748 homines
1234 669 1668 739 ingeniosissimi,

108 754 263 822 quasi
298 770 359 802 ex
395 753 573 823 aliqua
607 753 824 803 turbida
857 764 1166 820 tempestate
1202 755 1259 802 in
1294 765 1538 822 portum,
1595 754 1671 801 sic

108 854 169 887 ex
210 838 464 888 seditiosa
499 850 552 888 et
583 839 914 889 tumultuosa
951 841 1062 889 vita
1110 856 1166 887 se
1203 840 1261 887 in
1305 839 1543 888 studium
1578 837 1670 886 ali·-

107 923 253 991 quod
277 923 544 974 traderent
567 926 822 993 quietum.
899 924 1073 990 Quare
1098 921 1233 972 mihi
1255 924 1501 976 videntur
1527 933 1670 990 post·

106 1025 167 1057 ea
206 1019 388 1074 *cetera
439 1010 614 1059 studia
661 1021 804 1058 recta
845 1020 1006 1076 atque
1052 1007 1306 1067 honesta,
1369 1026 1463 1076 per
1503 1001 1672 1058 otium

41 1130 48 1132 >
105 1094 467 1149 concelebrata
493 1092 558 1145 ab
589 1095 837 1161 optimis,
880 1094 1164 1153 enituisse;
1219 1093 1325 1144 hoc
1348 1110 1472 1145 vero
1509 1109 1536 1140 a
1565 1091 1672 1159 ple·-

103 1180 283 1249 risque
309 1196 491 1230 eorum
518 1178 782 1227 desertum
812 1176 1136 1229 obsolevisse
1164 1195 1225 1228 eo
1255 1191 1518 1246 tempore,
1558 1194 1668 1247 quo

102 1264 268 1314 multo
300 1263 662 1315 vehementius
706 1275 819 1311 erat
853 1264 1219 1322 retinendum,
1281 1275 1335 1312 et
1373 1263 1666 1313 studiosius

103 1349 486 1420 adaugendum.
577 1349 713 1398 Nam
753 1355 861 1417 quo
902 1348 1173 1419 indignius
1213 1367 1324 1398 rem
1359 1347 1669 1419 honestissi-

103 1452 242 1483 mam
279 1447 332 1484 et
375 1436 726 1484 rectissimam
776 1432 1014 1484 violabat
1061 1434 1348 1486 stultorum
1387 1445 1438 1483 et
1472 1435 1669 1500 impro-

101 1517 294 1569 borum
331 1522 601 1570 temeritas
629 1532 682 1568 et
709 1519 958 1578 audacia,
1015 1536 1222 1568 summo
1264 1536 1384 1590 cum
1416 1505 1668 1586 reipubli-

29 1630 40 1644 ν
103 1621 194 1652 cae
242 1605 584 1661 detrimento,
629 1621 692 1653 eo
747 1604 1035 1653 studiosius
1071 1615 1124 1653 et
1159 1603 1263 1654 illis
1315 1603 1670 1653 resistendum

103 1686 236 1746 fuit,
290 1704 342 1737 et
375 1687 695 1755 reipublicae
734 1688 1133 1738 consulendum.
1229 1688 1390 1754 Quod
1426 1699 1667 1738 nostrum

100 1771 249 1822 illum
286 1790 395 1822 non
426 1771 564 1844 fugit
603 1775 885 1832 Catonem,
948 1791 1120 1842 neque
1157 1773 1428 1832 Laelium,
1493 1789 1667 1841 neque

100 1855 292 1907 horum
335 1858 489 1920 (vere
523 1859 727 1924 dicam)
767 1857 1085 1926 discipulum
1110 1856 1453 1916 Africanum,
1493 1843 1667 1928 neque

102 1940 370 1992 Gracchos
417 1941 658 1993 Africani
706 1958 955 2012 nepote83
1018 1943 1212 2014 quibus
1255 1945 1312 1992 in
1351 1942 1666 1993 hominibus

102 2039 212 2077 erat
253 2045 457 2077 summa
491 2030 691 2086 virtus,
767 2042 820 2079 et
855 2048 1061 2080 summa
1096 2032 1309 2103 virtute.
1338 2010 1664 2096 amplificata

102 2115 419 2171 auctoritas,
470 2125 546 2171 et,
600 2132 734 2183 quae
769 2113 854 2166 his
890 2115 1047 2165 rebus
1086 2117 1427 2172 ornamento,
1479 2124 1532 2162 et
1566 2115 1669 2161 rei-

100 2197 343 2267 publicae
381 2200 648 2265 praesidio
689 2188 853 2259 esset,
894 2201 1210 2270 eloquentia.
1300 2201 1505 2265 Quare,
1544 2215 1663 2249 meo

102 2283 318 2353 quidem
346 2285 522 2333 animo
538 2320 553 2342 ,
587 2283 756 2336 nihilo
784 2287 958 2335 minus
986 2285 1316 2355 eloquentiae
1343 2283 1662 2333 studendum

103 2380 209 2426 est,
283 2370 380 2417 etsi
420 2370 735 2440 eft-quidam
775 2383 828 2420 et
862 2373 1141 2438 privatim,
1205 2381 1256 2418 et
1290 2368 1499 2436 publice
1535 2368 1663 2418 abu-

101 2464 316 2512 tuntur;
355 2452 446 2502 sed
471 2471 533 2504 eo
560 2456 773 2523 quidem
799 2455 1180 2514 vehementiuS,
1219 2471 1284 2503 ne
1317 2453 1442 2504 mali
1469 2446 1663 2525 magno

103 2554 224 2587 cum
273 2538 590 2589 detrimento
643 2540 941 2599 honorum,
1020 2552 1073 2589 et
1114 2542 1388 2589 communiv
1428 2542 1664 2591 omnium

102 2625 361 2690 pernicie,
411 2623 701 2690 plurimum
735 2628 972 2694 possint3
1024 2641 1189 2693 quum
1226 2629 1535 2691 praesertim
1560 2625 1664 2676 hoe

103 2725 266 2756 unum
301 2710 398 2766 sit,
446 2709 593 2777 quod
629 2711 696 2760 ad
735 2728 916 2760 omnes
944 2727 1066 2768 res,
1125 2720 1176 2758 et
1212 2711 1446 2777 privatas
1481 2723 1534 2760 et
1568 2696 1662 2778 PU·

31 2812 34 2861 j
103 2790 294 2861 blicas‘,
356 2795 581 2844 maxime
618 2798 907 2862 pertineam
957 2793 1060 2845 hoc
1095 2790 1210 2854 tuta
1220 2830 1241 2860 9
1279 2793 1385 2847 hoc
1420 2794 1659 2851 honesta,
