1924 3224
371 203 473 253 AD
529 203 1027 248 HERENNIUM
1089 204 1250 249 LIB.
1307 206 1355 248 1.
1406 206 1486 251 16.
1634 200 1700 275 25

133 365 234 415 hus
282 366 339 414 in
391 381 547 413 causa
598 364 884 422 destinari,
953 380 1061 434 quo
1110 365 1250 415 ratio
1304 366 1478 415 omnis
1528 366 1699 416 totius

137 451 399 503 orationis
442 447 766 501 conferatur.
838 519 841 521 Β
1087 451 1089 453 ’

243 537 642 587 Constitutione
682 537 846 606 igitur
887 548 1124 603 reperta,
1184 538 1366 586 statim
1402 536 1703 606 quaerenda

135 634 215 673 est
249 624 470 682 ratio,
522 639 659 692 quae
698 639 907 671 causam
945 620 1104 680 facit,
1157 634 1210 671 et
1248 624 1487 673 continet
1525 620 1700 672 defen-

89 769 97 773 d
133 710 371 767 sionem,
409 707 513 759 hoc
552 709 746 759 modo:
799 709 894 771 (ut
921 708 1147 757 docendi
1176 725 1334 757 causa
1373 710 1429 756 in
1465 707 1570 758 hoc
1608 725 1701 775 po-

132 793 405 844 tissimum
442 797 863 859 consistamu53)
901 795 1143 852 Orestes,
1184 813 1350 863 quum
1379 792 1726 854 confiteatur¹

134 896 190 929 se
230 880 484 930 occidisse
527 892 780 941 matrem,
832 881 937 930 nisi
975 879 1214 929 attulerit
1250 876 1382 929 facti
1416 881 1698 940 rationem,

133 969 447 1032 perverterit
495 964 874 1035 defensionem.
967 967 1110 1036 Ergo
1162 962 1313 1014 affert
1362 982 1506 1025 eam3
1566 982 1710 1035 quae-

134 1053 240 1100 nisi
288 1052 666 1109 intercederet,
732 1067 797 1098 ne
847 1066 1005 1099 causa
1056 1050 1272 1119 quidem
1311 1063 1478 1101 esset:
1556 1052 1704 1110 „illa

137 1138 306 1196 enim,
370 1139 576 1207 inquit,
646 1147 850 1204 patrem
901 1152 1080 1183 meum
1138 1136 1460 1185 occiderat.“
1557 1139 1700 1208 Ergo

136 1222 233 1285 (ut
275 1222 518 1286 ostendi)
558 1223 698 1272 ratio
736 1239 796 1271 ea
828 1232 936 1279 est,
992 1238 1125 1291 quae
1162 1223 1402 1271 continet
1439 1219 1700 1272 defensio-

134 1324 287 1366 nem,
340 1310 452 1357 sine
501 1326 604 1377 qua
643 1324 709 1356 ne
744 1325 907 1375 parva
960 1307 1177 1377 quidem
1215 1306 1482 1358 dubitatio
1519 1320 1702 1376 potest

133 1395 390 1443 remorari
428 1393 839 1444 damnationem.

241 1478 460 1528 Inventa
497 1481 737 1538 ratione,
788 1477 1302 1530 firmamentum
1340 1482 1700 1550 quaerendum

136 1575 245 1624 est3
308 1564 365 1614 id
402 1576 512 1622 est,
576 1565 724 1633 quod
776 1567 1012 1614 continet
1061 1569 1507 1624 accusationem,⁴
1550 1566 1701 1635 quod

136 1646 352 1698 affertur
389 1661 574 1700 contra
611 1652 873 1700 rationem
911 1648 1266 1710 defensionis,
1331 1653 1394 1702 de
1432 1670 1536 1722 qua
1580 1664 1700 1702 ante

135 1735 340 1786 dictum
369 1746 464 1784 est.
540 1736 602 1786 Id
626 1738 981 1785 constituetur
1004 1735 1108 1786 hoc
1133 1737 1324 1787 modo:
1365 1738 1543 1803 Quum
1570 1756 1700 1793 usus

133 1817 301 1869 fuerit
340 1820 548 1870 Orestes
587 1823 830 1881 ratione,
884 1819 989 1872 hoc
1024 1833 1213 1891 pacto:
1298 1824 1469 1881 „Iure
1509 1825 1698 1884 occidi,

132 1906 225 1956 illa
252 1907 392 1955 enim
426 1917 631 1974 patrem
667 1925 845 1956 meum
874 1907 1168 1967 occiderat3
1188 1915 1223 1937 “
1272 1920 1455 1958 utetur
1493 1927 1699 1958 accusa-

134 2005 223 2043 tor
273 1990 645 2051 firmamento,
707 1991 813 2042 hoc
859 2005 1046 2060 pacto:
1132 1993 1289 2052 „Sed
1338 2012 1446 2044 non
1498 1994 1590 2044 abs
1647 2007 1701 2044 te

139 2078 339 2136 occidi,
401 2095 572 2146 neque
629 2079 988 2128 indemnatam
1036 2096 1234 2146 poenas
1280 2080 1508 2147 pendere
1547 2099 1698 2148 opor-

134 2163 310 2211 tuit.“
384 2165 462 2213 Ex
502 2164 712 2214 ratione
751 2162 1106 2223 defensionis,
1166 2177 1218 2214 et
1261 2183 1320 2214 ex
1358 2163 1698 2216 firmamento

136 2249 515 2305 accusationis,
583 2250 772 2299 iudicii
832 2253 1075 2318 quaestio
1142 2264 1392 2300 nascatur
1456 2252 1698 2319 oportet;

137 2351 300 2402 quam
338 2350 434 2381 nos
470 2334 879 2394 iudicationem,
954 2337 1142 2401 Graeci
1177 2337 1489 2407 κρινόμενον
1528 2336 1700 2404 appel-

136 2418 265 2467 lant.
349 2421 435 2467 Ea·
462 2422 819 2470 constituetur
859 2439 920 2470 ex
960 2421 1335 2470 coniunctione
1372 2418 1700 2470 firmamenti

139 2515 194 2553 et
228 2506 481 2562 rationis,
532 2503 635 2555 hoc
670 2507 863 2556 modo:
927 2508 1108 2572 Quum
1159 2506 1302 2555 dicat
1340 2505 1580 2563 Orestes,
1618 2523 1700 2555 ·se

136 2591 305 2656 patris
332 2590 620 2640 ulciscendi
646 2608 799 2641 causa
835 2603 1056 2640 matrem
1091 2591 1378 2650 occidisse,
1428 2603 1701 2640 rectumne

98 2686 102 2699 ⁴
140 2671 333 2733 fuerit,
415 2694 444 2723 a
505 2673 651 2734 filio,
729 2679 840 2726 sine
904 2677 1134 2734 iudicIo,
1229 2675 1700 2744 Clytaemnestram

143 2760 331 2808 occidi.
440 2763 582 2832 Ergo
632 2760 731 2812 hac
789 2764 995 2814 ratione
1042 2762 1425 2813 iudicationem
1472 2763 1700 2828 reperire

144 2847 406 2896 convenit.
