1878 3198
191 120 296 204 ‘60
377 160 383 163 κ
458 102 459 106 ¹
601 115 699 204 &N
754 98 1481 219 ι).ΗΕ·ι’οιιιιιοῑυυινι7ἱ

658 304 804 387 ἰᾦι
846 337 891 385 Β
942 335 987 385 E
1034 312 1364 389 11'ft111.

864 502 1046 563 Cap
1126 504 1207 564 Ι.Ι

315 574 541 666 Pags75.
586 620 635 648 v.
676 611 744 657 5
765 601 1180 662 pertinerent
1221 626 1280 636 —
1339 601 1418 650 Sic
1459 602 1577 646 Ern.
1619 602 1801 666 elunt-

158 716 160 727 ι
231 691 377 752 Vulg.
424 687 868 754 pertinebant-

319 780 432 837 Pag.
472 776 542 830 76
581 792 629 820 v.
674 781 714 835 4.
762 774 832 819 ad
873 773 1029 820 hanc
1068 749 1433 819 utilitatem
1482 797 1541 810 —
1608 773 1803 820 Ernesti

234 863 360 909 coni.
420 861 890 910 subtilitatem.

831 1004 870 1050 C
906 1021 928 1048 a
958 1019 990 1065 p
1009 1036 1020 1048 .
1104 1005 1129 1046 Ι
1142 1003 1167 1045 1
1182 1036 1194 1048 .

318 1108 427 1167 Pag.
476 1107 545 1153 76.
590 1122 639 1151 v.
684 1122 751 1149 11.
797 1117 816 1149 t
829 1103 957 1150 olle
970 1121 1003 1148 ιι
1018 1103 1084 1148 da
1136 1126 1216 1151 --,
1261 1104 1388 1147 Bene
1415 1101 1528 1154 'hoc
1570 1101 1802 1149 Gruterus

235 1192 342 1237 adv.
398 1191 634 1236 Lambini·
684 1191 1007 1239 coniecturam
1022 1222 1034 1242 ,
1091 1189 1178 1252 qui
1227 1189 1459 1235 maluerat
1499 1188 1531 1235 d
1545 1187 1641 1233 ele
1654 1204 1687 1232 n
1702 1188 1734 1234 d
1747 1204 1771 1233 a
1788 1219 1803 1241 ,

235 1277 460 1323 defendit.

829 1407 867 1452 C
901 1423 923 1454 a
954 1422 1013 1464 p.
1100 1407 1219 1451 III.

321 1500 608 1568 Pag.77.v.
644 1522 684 1550 1.
730 1504 953 1551 Omnes
1001 1506 1114 1566 qui
1157 1484 1545 1551 sententffam
1588 1504 1807 1550 dicent

236 1617 294 1629 --
324 1594 402 1638 Sic
431 1606 632 1654 propter
663 1592 930 1652 sequentia:
963 1605 1029 1637 ut
1072 1591 1390 1649 omn'is,‚eo
1432 1592 1638 1636 totius
1682 1607 1810 1637 ora·

238 1678 449 1724 tionis
491 1678 658 1723 ratio
704 1677 1110 1728 confer-atur,
1156 1677 1419 1723 necessario
1461 1677 1557 1729 fuit
1599 1677 1807 1724 scriben-

236 1765 368 1808 dum.
456 1763 602 1823 Vulg.
673 1780 915 1809 omnem
983 1764 1346 1809 orationem
1412 1779 1630 1829 eorum
1694 1762 1806 1824 qui

238 1851 625 1901 sententiam
669 1850 941 1920 dicent.·
981 1849 1080 1893 Erf.
1125 1865 1365 1894 omnem
1405 1850 1805 1896 memoratio-

237 1950 365 1978 nem
414 1950 637 1980 eorum
694 1951 749 1994 q.
804 1950 853 1979 s.
911 1934 970 1978 d.
1030 1934 1121 1979 Ms.
1176 1934 1299 1979 Pith.
1363 1948 1408 1979 et
1460 1936 1531 1979 ed.
1587 1936 1806 1982 Cratand.

241 2035 452 2065 omnes
497 2019 821 2065 orationes
862 2034 1100 2071 eorum,
1145 2034 1200 2066 ut
1241 2019 1381 2065 facile
1413 2018 1813 2081 depravationem*

238 2120 478 2164 agnoscas.

327 2193 434 2251 Pag.
460 2203 530 2246 77.
559 2206 606 2236 v.
629 2197 679 2250 4.
707 2206 834 2235 rem
867 2203 1064 2235 tu-tam
1085 2218 1140 2228 —
1172 2191 1249 2236 Sic
1276 2192 1634 2238 emendavimus
1667 2193 1803 2254 vulg.

240 2288 439 2321 tutam
476 2277 691 2336 apposite
722 2277 780 2321 ad
817 2276 959 2320 huius
998 2276 1097 2320 loci
1133 2291 1317 2321 sensum
1359 2291 1404 2322 et
1429 2279 1672 2339 sequentis
1705 2270 1807 2325 ora-

243 2361 393 2406 tionis
425 2375 720 2406 contextum.
774 2363 899 2407 Nam
926 2375 1089 2422 postea
1119 2362 1586 2417 diciturhonesta
1622 2381 1714 2410 res
1753 2365 1808 2410 in

242 2446 389 2492 altero
419 2447 677 2493 divisionis
708 2446 939 2492 membro.
982 2450 1045 2491 Et
1076 2447 1198 2491 infra
1229 2464 1325 2508 cap.
1359 2458 1402 2504 5.
1430 2449 1664 2496 occurrit:
1697 2450 1807 2511 qui
1866 2447 1869 2450 ¹

246 2543 417 2575 tutae
469 2533 565 2576 rei
605 2546 957 2593 praeponet
998 2533 1349 2578 honestam.

331 2619 438 2677 Pag.
483 2630 553 2672 77.
607 2635 654 2662 v.
694 2626 736 2674 8.
780 2633 820 2677 9.
866 2618 1267 2664 coniunctim
1323 2645 1381 2655 -
1452 2620 1805 2670 coniuncte

246 2700 355 2748 Ald.
386 2719 497 2748 cum
528 2703 761 2765 pluribus·
782 2706 895 2749 Mss.
926 2717 981 2750 ut
1010 2703 1110 2750 Erf.
1146 2705 1323 2750 Cauch.
