1924 3224
427 57 463 100 «ιι

232 248 233 255 1
294 222 395 269 AD
451 222 943 270 HERENNl'UM
1006 221 1164 266 Lus.
1224 199 1309 265 11'.
1363 228 1419 278 3·
1471 237 1527 284 9.
1587 237 1692 291 ,42

140 387 196 435 in
218 384 359 456 lege,
400 396 491 434 aut
517 387 573 434 in
597 390 947 442 testamento,
996 395 1086 433 aut
1108 384 1166 432 in
1191 382 1566 451 stipulatione,
1606 388 1699 436 aut

137 474 195 523 in
245 470 485 541 quolibet
532 473 757 538 scripto,
820 466 970 540 'quod
1007 470 1074 519 ad
1111 487 1226 518 eam
1262 487 1373 518 rem
1406 473 1697 537 pertineat=;

141 559 331 615 dei-nde
369 558 679 615 collatione,
737 557 868 625 quid
902 557 1157 621 scriptum
1197 557 1296 614 sit,
1348 557 1478 625 quid
1520 557 1696 608 adver-

141 645 269 693 sarii
304 660 359 692 se
393 641 580 692 fecisse
619 642 827 701 dicant3
891 641 1022 709 quid
1057 641 1284 692 iudicem
1325 623 1476 711 setini
1512 659 1696 693 conve-

130 730 283 786 niat,
347 740 527 778 utrum
565 728 650 787 id,
714 727 858 797 quod
897 726 1176 797 diligent-er
1223 729 1574 794 perscriptum
1610 730 1697 787 sit,

140 833 208 864 an
233 815 319 873 id,
361 815 507 884 quod
534 825 684 862 acute
708 815 780 862 sit
805 814 1175 882 excogitatum.
1250 814 1453 862 Deinde
1491 831 1550 862 ea
1585 831 1696 863 sen-

139 902 338 959 tentia,
390 917 525 969 quae
561 898 625 948 ab
664 899 974 949 adversariis
1014 899 1086 946 sit
1121 900 1445 968 excogitata,
1496 912 1549 950 et
1577 900 1700 950 scri-

138 989 285 1055 ptori
315 985 594 1043 attributa,
634 995 935 1034 conteretur
962 995 1012 1032 et
1043 981 1422 1033 infirmabitur.
1494 986 1700 1035 Deinde

141 1083 453 1142 quaeretur,
511 1064 644 1140 quid
682 1070 733 1118 ei
770 1066 1036 1126 obfuerit,
1103 1070 1149 1116 si
1186 1069 1244 1118 id
1280 1070 1535 1119 voluisset
1577 1072 1699 1119 scri·-

140 1157 296 1216 bere,
351 1168 411 1205 ut
447 1173 555 1204 non
590 1154 829 1222 potuerit
866 1152 1137 1220 perscribi.
1232 1156 1435 1205 Deinde
1476 1173 1506 1204 a
1544 1154 1702 1206 nobis

141 1244 401 1293 sententia
438 1242 758 1307 reperietur,
809 1250 860 1288 et
900 1237 1406 1306 causa'proferetur,
1459 1258 1621 1310 quare
1644 1241 1703 1291 id

142 1330 370 1396 scriptor
411 1327 665 1383 senserit,
718 1325 863 1393 quod
897 1325 1230 1391 perscripsit:
1285 1336 1338 1373 et
1378 1325 1700 1375 demonstra·

140 1413 287 1463 bitur
326 1415 579 1479 scriptum
617 1411 750 1459 illud
787 1426 899 1459 esse
936 1409 1196 1468 dilucide,
1249 1408 1510 1470 breviter,
1562 1429 1702 1462 com·

141 1499 328 1555 mode,
379 1494 639 1564 perfecte,
691 1507 831 1544 certa
858 1513 976 1544 cum
1012 1497 1232 1545 ratione.
1305 1497 1509 1546 Deinde
1536 1514 1702 1545 exem-

140 1582 227 1650 pla
265 1580 634 1649 proferentur,
701 1597 837 1650 quae
885 1597 997 1638 res,
1062 1564 1228 1649 quum
1279 1579 1345 1629 ab
1389 1581 1703 1632 adversariis

142 1669 404 1719 sententia
451 1677 503 1716 et
553 1666 798 1717 voluntas
848 1663 1149 1725 afferretur,
1214 1683 1243 1714 a
1294 1667 1488 1732 scripto
1524 1668 1704 1732 potius

143 1754 407 1804 iudicatae
447 1754 571 1802 sint.
663 1751 867 1800 Deinde
905 1751 1242 1811 ostendetur,
1303 1769 1462 1820 quam
1500 1753 1702 1818 pericu·

142 1840 316 1889 losum
353 1839 425 1887 sit
460 1856 489 1886 a
531 1839 727 1905 scripto
759 1836 1014 1886 recedere.
1090 1837 1261 1886 Locus
1301 1837 1597 1886 communis
1623 1847 1706 1886 est

139 1936 328 1976 contra
366 1941 517 1982 eum,
583 1924 708 1992 qui,
784 1940 948 1990 quum
987 1919 1243 1979 fateatur,
1306 1939 1360 1971 se
1400 1934 1582 1971 contra
1627 1921 1702 1979 id,

144 2009 291 2078 quod
312 2007 518 2079 legibus
550 2010 839 2066 sancitum,
876 2018 967 2056 aut
1000 1998 1316 2057 testamento
1357 2009 1703 2073 perscriptum

148 2097 247 2153 sit,
287 2091 506 2152 fecisse,
545 2105 719 2142 tamen
754 2091 880 2142 facti
917 2099 1135 2162 quaerat
1163 2090 1540 2142 defensionem.

253 2197 302 2245 9.
341 2182 389 2229 A
427 2180 785 2227 sententia
825 2181 900 2227 sic
936 2178 1183 2226 dicemus.
1259 2179 1494 2229 Primum
1523 2177 1701 2226 lauda-

149 2264 323 2315 bimus
376 2265 647 2330 scriptoris
704 2263 1132 2313 commoditatem
1175 2274 1332 2330 atque
1366 2261 1700 2320 brevitatem,

148 2350 294 2420 quod
343 2361 549 2398 tantum
600 2351 866 2416 scripserit
926 2349 1011 2406 id,
1062 2348 1207 2416 quod
1256 2342 1702 2397 necesse'fuerit:

148 2436 310 2494 illud,
386 2434 531 2503 quod
582 2436 692 2483 sine
719 2436 940 2501 scripto
988 2433 1215 2503 intelligi
1262 2416 1525 2499 potuerit,
1560 2447 1704 2479 >non

151 2522 444 2570 necessario
494 2518 829 2570 scribendum
879 2521 1097 2587 putarit.
1195 2519 1397 2567 Deinde
1447 2517 1702 2573 dicemus,

153 2606 547 2659 calumniatoris
581 2621 693 2655 esse
729 2603 997 2664 officium,
1046 2601 1205 2654 verba
1243 2614 1293 2652 et
1324 2601 1502 2651 literas
1531 2601 1700 2669 sequi,
1756 2616 1761 2617 ⁷

144 2692 413 2762 'negligere
449 2691 791 2742 voluntatem.
882 2691 1085 2740 Deinde
1119 2689 1206 2746 id,
1269 2688 1415 2758 quod
1451 2687 1702 2753 scriptum

159 2778 256 2836 sit,
306 2789 398 2826 aut
423 2794 529 2827 non
564 2792 720 2842 posse
755 2775 907 2835 fieri,
958 2787 1050 2825 aut
1077 2791 1185 2826 non
1207 2773 1349 2843 lege,
1389 2789 1496 2820 non
1534 2787 1699 2827 more,
