1924 3224
245 260 343 306 AD
387 218 886 302 HEleNNIUM
947 254 1108 299 LIB.
1164 255 1260 303 IV.
1306 254 1383 300 16.
1429 267 1505 309 ¹7·
1601 270 1692 317 131

131 420 436 473 facultatem
462 414 548 468 foi
551 427 675 466 tuna
710 415 973 473 dedisset,
1007 415 1257 483 iniquum
1286 426 1399 464 erat
1414 416 1488 463 in
1511 430 1694 468 eorum

133 504 392 572 supplicio
441 519 778 559 consumere,
842 516 975 570 quos
1029 500 1210 549 eadem
1266 497 1482 549 foituna
1534 500 1694 567 paulo

134 578 254 640 aiite
309 593 364 639 in
415 587 740 656 amplissimo
798 598 939 635 statu
975 585 1285 636 collocarat.
1377 585 1520 651 Ouid
1554 586 1701 654 quod

134 677 422 725 exercitum
464 684 646 722 contra
689 670 876 721 duxit?
926 671 1110 721 desino
1148 673 1465 720 meminisse.
1555 671 1700 737 Quid

135 760 247 812 ita?
298 762 424 828 quia
451 761 551 807 viri
580 755 735 808 fortis
758 770 862 814 est,
903 758 996 824 qui
1023 757 1086 806 de
1116 758 1336 806 victoria
1363 756 1698 812 contendant,

132 863 241 910 eos«
254 844 436 906 hostes
461 834 676 911 putare;
712 845 805 911 qui
835 843 959 891 victi
987 853 1126 898 sunt,
1168 858 1257 890 eos
1289 839 1541 893 homines·
1559 842 1699 890 iudi-

137 911 285 988 caive,
328 939 411 979 'ut
448 931 618 997 possit
656 928 852 977 bellum
894 924 1155 976 fortitudo
1190 927 1456 985 minuere,
1514 944 1701 994 pacem

134 1016 437 1067 humanitas
482 1032 688 1084 augere.
761 1018 831 1062 At
867 1012 982 1070 ille,
1023 1014 1069 1062 si
1106 1014 1347 1069 vicisset,
1404 997 1533 1060 m'im
1558 1013 1701 1061 idem

139 1099 386 1151 fecisset?
446 1117 552 1148 non
589 1096 830 1166 profecto
866 1109 975 1146 tam
1014 1098 1220 1164 sapiens
1262 1094 1464 1146 fuisset.
1557 1098 1704 1163 Quid

67 1216 73 1233 1
138 1189 303 1257 igitur
341 1187 388 1234 ei
418 1183 629 1251 parcis?
679 1185 804 1252 quia
836 1181 994 1232 talem
1033 1181 1312 1230 stultitiam
1348 1193 1701 1242 contemnere,

141 1290 249 1322 non
287 1271 486 1319 imitari
523 1270 831 1319 consuevi.“
917 1269 1054 1316 Haec
1089 1268 1360 1316 exornatio
1402 1267 1487 1317 ad>
1509 1284 1703 1318 sermo-

141 1375 261 1407 nem
299 1355 634 1407 vehementer
678 1353 1075 1403 accommodata
1115 1363 1218 1409 est,
1270 1363 1322 1401 et
1350 1354 1583 1401 animum
1616 1372 1702 1402 au-

143 1443 331 1492 ditoris
373 1442 561 1488 retinet
600 1449 888 1497 attentum,
963 1449 1077 1487 tum
1115 1448 1391 1489 venustate
1428 1440 1702 1497 sermoniS,

144 1538 260 1576 tum
285 1527 555 1574 rationum
580 1527 985 1591 exspectatione.

260 1623 339 1668 17.
381 1612 747 1660 Sententia
783 1621 864 1658 est
895 1610 1068 1657 oratio
1096 1619 1268 1657 sumta
1309 1609 1371 1659 de
1393 1610 1533 1667 vita,
1574 1623 1708 1678 quae

150 1707 239 1746 aut
266 1696 394 1764 quid
429 1697 497 1744 sit
515 1731 529 1752 ,
582 1706 675 1742 aut
700 1694 831 1763 quid
861 1711 971 1743 esse
998 1705 1243 1760 oporteat
1265 1696 1317 1742 in
1347 1695 1486 1751 vita,
1536 1692 1707 1746 brevi-

147 1781 520 1837 ter-ostendit,
561 1778 662 1828 hoc
697 1791 884 1846 pacto:
935 1774 1215 1835 „Difficile
1244 1789 1323 1827 est
1347 1780 1578 1845 primum
1605 1781 1707 1831 vir-

148 1878 319 1916 tutem
368 1866 621 1922 revereri,
697 1867 791 1934 qui
840 1879 1042 1929 semper
1094 1864 1324 1913 secunda
1372 1862 1589 1914 fortuna
1641 1868 1712 1914 sit

150 1957 338 2000 usus.“
437 1951 596 1998 Item:
662 1948 872 2008 „Liber
922 1950 966 1996 is
1014 1958 1094 1996 est
1147 1949 1552 2007 existimandus,
1616 1952 1709 2019 qui

148 2035 638 2101 nulli1turpitudini
676 2035 893 2083 servit.“
967 2034 1126 2082 Item:
1194 2036 1417 2104 „Egens
1446 2052 1609 2103 aeque
1635 2047 1713 2084 est

152 2122 197 2170 is
214 2156 227 2177 ,
267 2122 363 2188 qui
389 2136 497 2168 non
525 2120 652 2167 satis
678 2117 869 2175 habet,
911 2129 962 2167 et
988 2119 1033 2165 is
1051 2153 1065 2176 ,
1107 2120 1192 2166 cui
1218 2117 1353 2167 nihil
1381 2122 1508 2168 satis
1537 2131 1713 2186 potest

155 2222 283 2254 esse.
304 2213 338 2234 ‘⁴
412 2205 568 2252 Item:
633 2238 667 2260 ,‚
686 2204 898 2271 Optima
935 2202 1148 2252 vivendi
1173 2205 1311 2252 ratio
1340 2216 1418 2252 est
1442 2205 1709 2274 eligenda3

157 2306 271 2338 eam
325 2288 608 2349 ‘nicundam
656 2288 982 2337 consuetudo
1034 2288 1232 2337 reddet.
1253 2296 1287 2319 ‘⁶
1396 2290 1715 2369 Huiusmodi

158 2375 450 2423 sententiae
499 2373 757 2439 simplices
809 2390 916 2422 non
965 2385 1087 2421 sunt
1122 2372 1531 2438 improbandae,
1592 2373 1713 2441 prs)-

158 2471 334 2526 pterea
369 2458 515 2527 quod
554 2457 714 2507 habet
749 2457 922 2507 brevis
944 2459 1237 2524 expositio,
1277 2460 1323 2506 si
1349 2460 1572 2508 rationis
1602 2458 1715 2507 nul-

158 2541 264 2592 lius
316 2542 547 2612 indiget,
614 2560 855 2612 magnam
905 2543 1319 2592 delectationem.
1432 2544 1535 2594 Sed
1583 2541 1716 2592 illud

162 2644 376 2696 qnoque
403 2626 736 2693 probandum
775 2638 852 2675 est
878 2644 1039 2697 genus
1071 2630 1384 2685 sententiae,
1425 2628 1570 2696 quod
1590 2616 1718 2677 ‘con-

163 2709 409 2762 firmatur
436 2711 761 2761 subiectione
789 2714 1040 2768 1·ati0nis‚
1081 2710 1183 2760 hoc
1214 2711 1402 2761 modo:
1469 2745 1502 2769 ‚‚
1521 2712 1717 2760 Omnes

164 2793 298 2846 bene
334 2797 543 2849 vivendi
580 2798 810 2846 rat-iones
853 2799 908 2846 in
955 2798 1146 2849 virtute
1196 2805 1319 2845 sunt
1354 2795 1717 2854 collocandae,
