1924 3224
247 187 278 195 ,κ

257 245 362 292 AD
415 204 912 290 HERENNIU'M
969 244 1126 290 LIB.
1182 245 1271 291 ΙΙ.
1327 251 1527 308 23.29.
1617 253 1691 312 65,

124 404 352 464 fuerint‚
416 406 582 469 etis,
643 406 740 474 qui
777 393 948 464 dicat,
1007 396 1214 462 alteriS,
1266 405 1460 456 alteros
1497 406 1688 460 laedat.

124 491 245 543 Non
272 482 412 539 enim
437 507 646 540 necesse
674 503 782 548 est,
823 493 870 539 si
903 488 1095 541 alteros
1120 508 1413 557 praeponas
1430 528 1446 551 ,
1499 493 1689 569 alteros

104 577 440 642 vituperare.
514 577 657 626 Fieri
692 577 832 624 enim
870 581 1074 643 potest,
1139 587 1229 633 ut,
1293 595 1461 646 quum
1497 575 1692 628 ¹alteros

126 663 293 732 magis
333 660 595 719 laudaris,
665 660 899 730 aliquam
937 660 1113 709 alteris
1162 659 1334 732 laudis
1365 678 1581 731 partem
1619 675 1694 714 at-

125 745 361 806 tribuas,
438 745 518 796 ne'
554 735 807 814 r‘cffldius
856 762 1122 816 pugnasse
1183 759 1381 798 contra.
1419 745 1695 800 veritatem

125 833 350 899 puteris.

234 916 365 966 Item
402 917 660 967 vitiosum
699 929 812 976 est,
878 917 942 966 de
991 918 1206 967 nomine
1244 906 1398 967 etde
1434 916 1696 970 vocabulo

129 1001 241 1051 eius
283 1003 361 1050 rei
401 1005 816 1053 controversiam
852 1014 1081 1060 struere,
1135 1019 1297 1071 quam
1333 1018 1445 1050 rem
1482 1019 1697 1053 consue-

127 1081 263 1135 tudo
301 1098 480 1152 potest
516 1088 715 1153 optime
752 1087 1015 1147 iudicare;
1075 1087 1223 1138 velut
1259 1079 1553 1154 Sulpicius,
1604 1089 1699 1157 qui

129 1170 525 1228 intercesserat,
590 1188 677 1239 nem
704 1171 939 1228 exsules,
1014 1169 1210 1240 quibus
1262 1187 1475 1222 causam
1523 1172 1697 1222 dicere

130 1272 236 1305 non
265 1255 520 1312 licuisset,
559 1255 963 1317 reducerentur,
1005 1256 1146 1305 idem
1171 1258 1469 1323 posterius,
1509 1258 1698 1307 immu-

131 1350 241 1389 tata
278 1340 581 1397 voluntate,
639 1357 802 1410 quum
842 1341 1060 1391 eandem
1097 1341 1265 1412 legem
1304 1339 1490 1398 ferret,
1542 1341 1700 1392 aliam

133 1441 247 1474 sese
284 1421 421 1474 ferre
463 1424 700 1483 dicebat,
762 1437 980 1492 propter
1015 1428 1293 1475 nominum
1331 1429 1699 1495 commutatio*

132 1526 281 1568 nem;
322 1528 445 1566 nam
482 1527 591 1559 non
630 1510 933 1568 exsules,
990 1511 1082 1560 sed
1120 1513 1184 1561 vi
1234 1512 1495 1561 eiectos
1535 1528 1589 1562 se
1625 1529 1701 1561 re-

134 1594 324 1644 ducere
363 1594 567 1654 aiebat3
632 1595 852 1661 perinde
890 1598 1043 1664 quasi
1079 1596 1136 1645 id
1173 1593 1362 1645 fuisset
1396 1598 1452 1645 in
1491 1609 1702 1647 contro·

133 1680 334 1738 versia,
386 1697 494 1749 quo
529 1678 609 1727 illi
643 1681 857 1728 nomine
894 1679 1283 1747 appellarentur
1318 1699 1347 1729 a
1378 1682 1575 1749 populo
1599 1685 1702 1732 Ro-

134 1781 324 1821 mano,
376 1775 467 1812 aut
495 1765 711 1831 perinde
746 1766 902 1834 quasi
929 1765 1036 1815 nou
1065 1783 1277 1823 omnes,
1329 1765 1523 1835 quibus
1566 1784 1703 1836 aqua

137 1860 190 1898 et
216 1850 329 1918 igni
352 1849 693 1898 interdictum
720 1836 816 1907 δεῖ,
859 1851 1059 1901 exsules
1087 1850 1430 1919 appellentur.
1506 1854 1702 1906 Verum

133 1933 214 1984 illi
238 1931 464 1984 fortasse
491 1935 842 2005 ignoscimus,
883 1938 929 1984 si
956 1953 1073 1986 cum
1102 1953 1257 1985 causa
1285 1933 1443 1996 fecit3
1495 1954 1589 1986 nos
1626 1949 1701 1986 ta-

138 2036 259 2067 men
295 2007 684 2089 intelligamus,
735 2023 991 2071 vitiosum
1041 2038 1150 2071 esse
1186 2021 1458 2071 intendere
1495 2033 1702 2072 contro-

139 2105 366 2155 versiam
390 2116 608 2171 propter
633 2106 910 2154 nominum
939 2109 1302 2156 mutationem.
1491 2175 1493 2177 ι

249 2202 332 2253 29.
374 2188 641 2254 Quoniam
680 2196 885 2239 exOrn
902 2193 1044 2240 atio
1086 2202 1294 2241 const-at
1333 2208 1393 2240 ex
1417 2180 1699 2250 similibus,

141 2282 196 2320 et
231 2272 510 2338 exemplis,
573 2285 626 2323 et
662 2275 939 2335 iudicatis,
1002 2288 1055 2326 et
1092 2277 1273 2325 ceteris
1311 2274 1497 2334 rebus,
1567 2294 1704 2345 quae

118 2357 406 2423 pertinent
466 2357 534 2407 ad
575 2361 1014 2431 «exaggerandam
1088 2373 1140 2410 et
1201 2352 1703 2429 collocupletandam

143 2443 682 2511 argumentationem,
748 2462 883 2516 quae
920 2449 1028 2495 sint
1065 2447 1130 2494 iis
1168 2444 1323 2496 rebus
1363 2448 1520 2504 vitia,
1581 2463 1700 2496 con-

146 2526 453 2576 sideremus.

253 2611 492 2660 Simile
537 2614 790 2664 vitiosum
851 2627 961 2674 est,
1026 2615 1172 2685 quod
1222 2632 1283 2665 ex
1329 2614 1508 2685 aliqua
1556 2626 1706 2683 parte

103 2738 130 2754 Ι
147 2693 400 2744 dissimile
427 2709 522 2755 est,
563 2715 656 2748 nec
679 2699 842 2750 hahet
864 2717 1043 2769 parem
1070 2701 1330 2751 rationem
1360 2702 1706 2768 comparatio-

148 2780 259 2837 nis,
299 2792 391 2830 aut
416 2783 520 2849 ipsi
545 2782 727 2844 obest,
766 2788 860 2855 qui
885 2783 1052 2835 affert.

219 2873 302 2913 Cic.
333 2874 513 2914 Rhetor.
556 2877 644 2915 Vol.
669 2879 706 2915 Ι.
1603 2880 1635 2927 5
