<?xml version="1.0" encoding="UTF-8"?>
<!DOCTYPE html PUBLIC "-//W3C//DTD XHTML 1.0 Transitional//EN"
    "http://www.w3.org/TR/xhtml1/DTD/xhtml1-transitional.dtd">
<html xmlns="http://www.w3.org/1999/xhtml" xml:lang="en" lang="en">
 <head>
  <title>
</title>
<meta http-equiv="Content-Type" content="text/html;charset=utf-8" />
  <meta name='ocr-system' content='tesseract 3.04.00' />
  <meta name='ocr-capabilities' content='ocr_page ocr_carea ocr_par ocr_line ocrx_word'/>
</head>
<body>
  <div class='ocr_page' id='page_1' title='image "./p1selectedworkso01ciceuoft_0025.png"; bbox 0 0 1924 3224; ppageno 0'>
   <div class='ocr_carea' id='block_1_1' title="bbox 610 227 1719 546">
    <p class='ocr_par' dir='ltr' id='par_1_1' title="bbox 610 227 1719 546">
     <span class='ocr_line' id='line_1_1' title="bbox 610 227 1719 276; baseline 0.001 -4"><span class='ocrx_word' id='word_1_1' title='bbox 610 227 648 272; x_wconf 89' lang='lat' dir='ltr'>C</span> <span class='ocrx_word' id='word_1_2' title='bbox 708 227 750 271; x_wconf 81' lang='lat' dir='ltr'>A</span> <span class='ocrx_word' id='word_1_3' title='bbox 807 228 841 271; x_wconf 85' lang='lat' dir='ltr'>P</span> <span class='ocrx_word' id='word_1_4' title='bbox 880 227 947 270; x_wconf 87' lang='lat' dir='ltr'>-U</span> <span class='ocrx_word' id='word_1_5' title='bbox 1003 227 1046 271; x_wconf 88' lang='grc' dir='ltr'><strong>Τ</strong></span> <span class='ocrx_word' id='word_1_6' title='bbox 1160 230 1207 272; x_wconf 69' lang='lat' dir='ltr'>L.</span> <span class='ocrx_word' id='word_1_7' title='bbox 1296 256 1299 258; x_wconf 98' lang='lat'>-</span> <span class='ocrx_word' id='word_1_8' title='bbox 1546 229 1719 276; x_wconf 75' lang='lat' dir='ltr'>XXIII</span> 
     </span>
     <span class='ocr_line' id='line_1_2' title="bbox 874 463 979 546; baseline -0.019 0"><span class='ocrx_word' id='word_1_9' title='bbox 874 463 979 546; x_wconf 60' lang='lat'>11&#39;.</span> 
     </span>
    </p>
   </div>
   <div class='ocr_carea' id='block_1_2' title="bbox 147 704 1715 790">
    <p class='ocr_par' dir='ltr' id='par_1_2' title="bbox 147 704 1715 790">
     <span class='ocr_line' id='line_1_3' title="bbox 147 704 1715 790; baseline 0.003 -15"><span class='ocrx_word' id='word_1_10' title='bbox 147 720 328 777; x_wconf 74' lang='lat' dir='ltr'>Nova</span> <span class='ocrx_word' id='word_1_11' title='bbox 380 719 451 776; x_wconf 83' lang='lat' dir='ltr'>de</span> <span class='ocrx_word' id='word_1_12' title='bbox 504 718 753 776; x_wconf 66' lang='lat' dir='ltr'>‘auctore</span> <span class='ocrx_word' id='word_1_13' title='bbox 794 716 1080 776; x_wconf 79' lang='lat' dir='ltr'>librorum</span> <span class='ocrx_word' id='word_1_14' title='bbox 1132 704 1587 790; x_wconf 57' lang='lat' dir='ltr'>Rhegoricorum</span> <span class='ocrx_word' id='word_1_15' title='bbox 1633 722 1715 779; x_wconf 80' lang='lat' dir='ltr'>ad</span> 
     </span>
    </p>
   </div>
   <div class='ocr_carea' id='block_1_3' title="bbox 542 835 1309 892">
    <p class='ocr_par' dir='ltr' id='par_1_3' title="bbox 542 835 1309 892">
     <span class='ocr_line' id='line_1_4' title="bbox 542 835 1309 892; baseline -0.001 -1"><span class='ocrx_word' id='word_1_16' title='bbox 542 835 917 892; x_wconf 81' lang='lat' dir='ltr'><em>Herennium</em></span> <span class='ocrx_word' id='word_1_17' title='bbox 960 836 1309 891; x_wconf 79' lang='lat' dir='ltr'>coniectura.</span> 
     </span>
    </p>
   </div>
   <div class='ocr_carea' id='block_1_4' title="bbox 90 1072 1758 2745">
    <p class='ocr_par' dir='ltr' id='par_1_4' title="bbox 118 1072 1758 1952">
     <span class='ocr_line' id='line_1_5' title="bbox 276 1072 1710 1155; baseline 0.001 -22"><span class='ocrx_word' id='word_1_18' title='bbox 276 1080 410 1133; x_wconf 86' lang='lat' dir='ltr'>Iam</span> <span class='ocrx_word' id='word_1_19' title='bbox 444 1074 643 1154; x_wconf 81' lang='lat' dir='ltr'>igitur</span> <span class='ocrx_word' id='word_1_20' title='bbox 675 1094 896 1132; x_wconf 83' lang='lat' dir='ltr'>omnes</span> <span class='ocrx_word' id='word_1_21' title='bbox 929 1079 1149 1133; x_wconf 83' lang='lat' dir='ltr'>eorum</span> <span class='ocrx_word' id='word_1_22' title='bbox 1181 1072 1552 1153; x_wconf 79' lang='lat' dir='ltr'>opiniones,</span> <span class='ocrx_word' id='word_1_23' title='bbox 1598 1077 1710 1155; x_wconf 87' lang='lat' dir='ltr'>qui</span> 
     </span>
     <span class='ocr_line' id='line_1_6' title="bbox 140 1183 1710 1268; baseline 0.001 -20"><span class='ocrx_word' id='word_1_24' title='bbox 140 1183 344 1248; x_wconf 67' lang='lat' dir='ltr'>libros</span> <span class='ocrx_word' id='word_1_25' title='bbox 386 1189 463 1246; x_wconf 85' lang='lat' dir='ltr'>ad</span> <span class='ocrx_word' id='word_1_26' title='bbox 505 1190 904 1247; x_wconf 83' lang='lat' dir='ltr'>Herennium</span> <span class='ocrx_word' id='word_1_27' title='bbox 947 1189 1222 1267; x_wconf 81' lang='lat' dir='ltr'>scriptos·</span> <span class='ocrx_word' id='word_1_28' title='bbox 1257 1192 1359 1249; x_wconf 84' lang='lat' dir='ltr'>vel</span> <span class='ocrx_word' id='word_1_29' title='bbox 1391 1191 1466 1248; x_wconf 83' lang='lat' dir='ltr'>ad</span> <span class='ocrx_word' id='word_1_30' title='bbox 1495 1187 1710 1268; x_wconf 81' lang='lat' dir='ltr'>ipsum</span> 
     </span>
     <span class='ocr_line' id='line_1_7' title="bbox 147 1303 1707 1386; baseline 0.002 -25"><span class='ocrx_word' id='word_1_31' title='bbox 147 1305 546 1375; x_wconf 84' lang='lat' dir='ltr'>Ciceronem,</span> <span class='ocrx_word' id='word_1_32' title='bbox 593 1305 699 1361; x_wconf 83' lang='lat' dir='ltr'>vel</span> <span class='ocrx_word' id='word_1_33' title='bbox 747 1305 824 1362; x_wconf 87' lang='lat' dir='ltr'>ad</span> <span class='ocrx_word' id='word_1_34' title='bbox 868 1303 1066 1386; x_wconf 83' lang='lat' dir='ltr'>alium</span> <span class='ocrx_word' id='word_1_35' title='bbox 1121 1305 1442 1383; x_wconf 83' lang='lat' dir='ltr'>quendam</span> <span class='ocrx_word' id='word_1_36' title='bbox 1493 1322 1707 1365; x_wconf 85' lang='lat' dir='ltr'>aucto-</span> 
     </span>
     <span class='ocr_line' id='line_1_8' title="bbox 145 1416 1708 1498; baseline 0.001 -20"><span class='ocrx_word' id='word_1_37' title='bbox 145 1439 279 1477; x_wconf 86' lang='lat' dir='ltr'>rem</span> <span class='ocrx_word' id='word_1_38' title='bbox 313 1418 502 1475; x_wconf 88' lang='lat' dir='ltr'>huius</span> <span class='ocrx_word' id='word_1_39' title='bbox 535 1433 731 1475; x_wconf 86' lang='lat' dir='ltr'>aetate</span> <span class='ocrx_word' id='word_1_40' title='bbox 757 1416 1126 1475; x_wconf 88' lang='lat' dir='ltr'>inferiorem</span> <span class='ocrx_word' id='word_1_41' title='bbox 1159 1421 1458 1491; x_wconf 82' lang='lat' dir='ltr'>retulere,</span> <span class='ocrx_word' id='word_1_42' title='bbox 1504 1442 1614 1498; x_wconf 91' lang='lat' dir='ltr'>per</span> <span class='ocrx_word' id='word_1_43' title='bbox 1643 1442 1708 1480; x_wconf 88' lang='lat' dir='ltr'>se</span> 
     </span>
     <span class='ocr_line' id='line_1_9' title="bbox 147 1532 1706 1609; baseline 0.002 -19"><span class='ocrx_word' id='word_1_44' title='bbox 147 1533 530 1603; x_wconf 83' lang='lat' dir='ltr'>concidunt,</span> <span class='ocrx_word' id='word_1_45' title='bbox 580 1553 698 1590; x_wconf 83' lang='lat' dir='ltr'>nec</span> <span class='ocrx_word' id='word_1_46' title='bbox 751 1547 872 1602; x_wconf 85' lang='lat' dir='ltr'>est,</span> <span class='ocrx_word' id='word_1_47' title='bbox 918 1534 1086 1609; x_wconf 88' lang='lat' dir='ltr'>quod</span> <span class='ocrx_word' id='word_1_48' title='bbox 1129 1534 1194 1590; x_wconf 86' lang='lat' dir='ltr'>in</span> <span class='ocrx_word' id='word_1_49' title='bbox 1241 1534 1321 1592; x_wconf 89' lang='lat' dir='ltr'>iis</span> <span class='ocrx_word' id='word_1_50' title='bbox 1354 1532 1706 1593; x_wconf 82' lang='lat' dir='ltr'>refutandis</span> 
     </span>
     <span class='ocr_line' id='line_1_10' title="bbox 144 1636 1705 1723; baseline 0.002 -20"><span class='ocrx_word' id='word_1_51' title='bbox 144 1645 593 1715; x_wconf 84' lang='lat' dir='ltr'>immoremur,</span> <span class='ocrx_word' id='word_1_52' title='bbox 637 1660 742 1702; x_wconf 86' lang='lat' dir='ltr'>aut</span> <span class='ocrx_word' id='word_1_53' title='bbox 770 1667 926 1723; x_wconf 85' lang='lat' dir='ltr'>quae</span> <span class='ocrx_word' id='word_1_54' title='bbox 957 1646 1031 1703; x_wconf 89' lang='lat' dir='ltr'>de</span> <span class='ocrx_word' id='word_1_55' title='bbox 1063 1647 1142 1704; x_wconf 88' lang='lat' dir='ltr'>iis</span> <span class='ocrx_word' id='word_1_56' title='bbox 1173 1648 1522 1723; x_wconf 81' lang='lat' dir='ltr'>disputavit</span> <span class='ocrx_word' id='word_1_57' title='bbox 1547 1636 1705 1706; x_wconf 85' lang='lat' dir='ltr'>Bur-</span> 
     </span>
     <span class='ocr_line' id='line_1_11' title="bbox 144 1759 1758 1838; baseline -0.002 -20"><span class='ocrx_word' id='word_1_58' title='bbox 144 1781 420 1818; x_wconf 83' lang='lat' dir='ltr'>mannus</span> <span class='ocrx_word' id='word_1_59' title='bbox 467 1761 787 1818; x_wconf 82' lang='lat' dir='ltr'>Secundus</span> <span class='ocrx_word' id='word_1_60' title='bbox 826 1761 892 1817; x_wconf 89' lang='lat' dir='ltr'>in</span> <span class='ocrx_word' id='word_1_61' title='bbox 936 1759 1330 1838; x_wconf 75' lang='lat' dir='ltr'>praefatione</span> <span class='ocrx_word' id='word_1_62' title='bbox 1361 1763 1438 1820; x_wconf 84' lang='lat' dir='ltr'>ad</span> <span class='ocrx_word' id='word_1_63' title='bbox 1476 1764 1700 1821; x_wconf 73' lang='lat' dir='ltr'>editio·</span> <span class='ocrx_word' id='word_1_64' title='bbox 1751 1812 1758 1815; x_wconf 79' lang='grc'><em>.</em></span> 
     </span>
     <span class='ocr_line' id='line_1_12' title="bbox 118 1859 1263 1952; baseline 0.001 -20"><span class='ocrx_word' id='word_1_65' title='bbox 118 1859 293 1932; x_wconf 41' lang='grc' dir='ltr'>θΠεηη</span> <span class='ocrx_word' id='word_1_66' title='bbox 324 1895 523 1946; x_wconf 86' lang='lat' dir='ltr'>suam,</span> <span class='ocrx_word' id='word_1_67' title='bbox 570 1876 691 1933; x_wconf 88' lang='lat' dir='ltr'>hoc</span> <span class='ocrx_word' id='word_1_68' title='bbox 717 1876 861 1933; x_wconf 86' lang='lat' dir='ltr'>loco</span> <span class='ocrx_word' id='word_1_69' title='bbox 890 1890 1263 1952; x_wconf 83' lang='lat' dir='ltr'>repetamus.</span> 
     </span>
    </p>

    <p class='ocr_par' dir='ltr' id='par_1_5' title="bbox 90 1964 1704 2630">
     <span class='ocr_line' id='line_1_13' title="bbox 275 1964 1703 2067; baseline 0.003 -22"><span class='ocrx_word' id='word_1_70' title='bbox 275 1964 525 2046; x_wconf 65' lang='lat' dir='ltr'>Novam</span> <span class='ocrx_word' id='word_1_71' title='bbox 583 1989 798 2067; x_wconf 86' lang='lat' dir='ltr'>potius</span> <span class='ocrx_word' id='word_1_72' title='bbox 858 1990 1281 2047; x_wconf 84' lang='lat' dir='ltr'>coniecturam</span> <span class='ocrx_word' id='word_1_73' title='bbox 1341 1991 1415 2048; x_wconf 85' lang='lat' dir='ltr'>de</span> <span class='ocrx_word' id='word_1_74' title='bbox 1473 1992 1703 2049; x_wconf 88' lang='lat' dir='ltr'>horum</span> 
     </span>
     <span class='ocr_line' id='line_1_14' title="bbox 143 2096 1702 2182; baseline 0.002 -22"><span class='ocrx_word' id='word_1_75' title='bbox 143 2101 456 2160; x_wconf 88' lang='lat' dir='ltr'>librorum</span> <span class='ocrx_word' id='word_1_76' title='bbox 529 2118 780 2167; x_wconf 84' lang='lat' dir='ltr'>auctore</span> <span class='ocrx_word' id='word_1_77' title='bbox 852 2104 1012 2160; x_wconf 86' lang='lat' dir='ltr'>mihi</span> <span class='ocrx_word' id='word_1_78' title='bbox 1098 2125 1349 2182; x_wconf 89' lang='lat' dir='ltr'>quoque</span> <span class='ocrx_word' id='word_1_79' title='bbox 1423 2096 1702 2181; x_wconf 83' lang='lat' dir='ltr'>proferre</span> 
     </span>
     <span class='ocr_line' id='line_1_15' title="bbox 90 2190 1700 2294; baseline 0.002 -20"><span class='ocrx_word' id='word_1_80' title='bbox 90 2244 93 2246; x_wconf 48' lang='lat'><em>&gt;</em></span> <span class='ocrx_word' id='word_1_81' title='bbox 145 2216 360 2287; x_wconf 86' lang='lat' dir='ltr'>liceat,</span> <span class='ocrx_word' id='word_1_82' title='bbox 421 2236 608 2293; x_wconf 86' lang='lat' dir='ltr'>quam</span> <span class='ocrx_word' id='word_1_83' title='bbox 664 2216 794 2273; x_wconf 86' lang='lat' dir='ltr'>nisi</span> <span class='ocrx_word' id='word_1_84' title='bbox 837 2190 1218 2294; x_wconf 53' lang='lat' dir='ltr'>‘persuasero</span> <span class='ocrx_word' id='word_1_85' title='bbox 1274 2196 1427 2275; x_wconf 78' lang='lat' dir='ltr'>viris</span> <span class='ocrx_word' id='word_1_86' title='bbox 1475 2219 1700 2291; x_wconf 81' lang='lat' dir='ltr'>docti8‚</span> 
     </span>
     <span class='ocr_line' id='line_1_16' title="bbox 147 2329 1704 2416; baseline 0 -29"><span class='ocrx_word' id='word_1_87' title='bbox 147 2345 312 2387; x_wconf 84' lang='lat' dir='ltr'>certe</span> <span class='ocrx_word' id='word_1_88' title='bbox 359 2350 489 2387; x_wconf 87' lang='lat' dir='ltr'>eam</span> <span class='ocrx_word' id='word_1_89' title='bbox 534 2329 1007 2408; x_wconf 83' lang='lat' dir='ltr'>probabilitate,</span> <span class='ocrx_word' id='word_1_90' title='bbox 1055 2333 1221 2389; x_wconf 85' lang='lat' dir='ltr'>ultra</span> <span class='ocrx_word' id='word_1_91' title='bbox 1269 2352 1454 2409; x_wconf 87' lang='lat' dir='ltr'>quam</span> <span class='ocrx_word' id='word_1_92' title='bbox 1489 2332 1558 2387; x_wconf 88' lang='lat' dir='ltr'>in</span> <span class='ocrx_word' id='word_1_93' title='bbox 1596 2333 1704 2416; x_wconf 56' lang='lat' dir='ltr'>hu·</span> 
     </span>
     <span class='ocr_line' id='line_1_17' title="bbox 124 2423 1700 2523; baseline 0.001 -23"><span class='ocrx_word' id='word_1_94' title='bbox 124 2443 427 2501; x_wconf 67' lang='lat' dir='ltr'>&#39;iusmodi</span> <span class='ocrx_word' id='word_1_95' title='bbox 456 2423 642 2502; x_wconf 83' lang='lat' dir='ltr'>rebus</span> <span class='ocrx_word' id='word_1_96' title='bbox 673 2445 964 2523; x_wconf 73' lang='lat' dir='ltr'>progredi</span> <span class='ocrx_word' id='word_1_97' title='bbox 992 2466 1126 2502; x_wconf 89' lang='lat' dir='ltr'>non</span> <span class='ocrx_word' id='word_1_98' title='bbox 1157 2466 1516 2522; x_wconf 86' lang='lat' dir='ltr'>possumus,</span> <span class='ocrx_word' id='word_1_99' title='bbox 1536 2445 1700 2523; x_wconf 86' lang='lat' dir='ltr'>haud</span> 
     </span>
     <span class='ocr_line' id='line_1_18' title="bbox 148 2555 1325 2630; baseline 0.001 -16"><span class='ocrx_word' id='word_1_100' title='bbox 148 2576 382 2626; x_wconf 81' lang='lat' dir='ltr'>carere,</span> <span class='ocrx_word' id='word_1_101' title='bbox 429 2573 502 2630; x_wconf 63' lang='lat' dir='ltr'>ut</span> <span class='ocrx_word' id='word_1_102' title='bbox 545 2556 865 2615; x_wconf 82' lang='lat' dir='ltr'>fateantur</span> <span class='ocrx_word' id='word_1_103' title='bbox 904 2555 1191 2616; x_wconf 82' lang='lat' dir='ltr'>efficiam.</span> <span class='ocrx_word' id='word_1_104' title='bbox 1302 2574 1325 2590; x_wconf 83' lang='lat'><strong><em>‘</em></strong></span> 
     </span>
    </p>

    <p class='ocr_par' dir='ltr' id='par_1_6' title="bbox 274 2671 1700 2745">
     <span class='ocr_line' id='line_1_19' title="bbox 274 2671 1700 2745; baseline 0.002 -18"><span class='ocrx_word' id='word_1_105' title='bbox 274 2671 598 2728; x_wconf 88' lang='lat' dir='ltr'>Nimirum</span> <span class='ocrx_word' id='word_1_106' title='bbox 657 2672 853 2730; x_wconf 87' lang='lat' dir='ltr'>libros</span> <span class='ocrx_word' id='word_1_107' title='bbox 912 2672 1279 2730; x_wconf 86' lang='lat' dir='ltr'>Rhetoricos</span> <span class='ocrx_word' id='word_1_108' title='bbox 1339 2673 1418 2730; x_wconf 78' lang='lat' dir='ltr'>ad</span> <span class='ocrx_word' id='word_1_109' title='bbox 1460 2677 1700 2745; x_wconf 86' lang='lat' dir='ltr'>Heren-</span> 
     </span>
    </p>
   </div>
   <div class='ocr_carea' id='block_1_5' title="bbox 146 2783 1705 2875">
    <p class='ocr_par' dir='ltr' id='par_1_7' title="bbox 146 2783 1705 2875">
     <span class='ocr_line' id='line_1_20' title="bbox 146 2783 1705 2875; baseline 0.001 -34"><span class='ocrx_word' id='word_1_110' title='bbox 146 2783 332 2843; x_wconf 80' lang='lat' dir='ltr'>nium</span> <span class='ocrx_word' id='word_1_111' title='bbox 393 2785 728 2862; x_wconf 76' lang='lat' dir='ltr'>scripsisse</span> <span class='ocrx_word' id='word_1_112' title='bbox 771 2785 960 2846; x_wconf 88' lang='lat' dir='ltr'>nobis</span> <span class='ocrx_word' id='word_1_113' title='bbox 1006 2786 1258 2846; x_wconf 82' lang='lat' dir='ltr'>videtur</span> <span class='ocrx_word' id='word_1_114' title='bbox 1318 2790 1424 2845; x_wconf 89' lang='lat' dir='ltr'>M.</span> <span class='ocrx_word' id='word_1_115' title='bbox 1471 2793 1705 2875; x_wconf 82' lang='lat' dir='ltr'>Anto-</span> 
     </span>
    </p>
   </div>
  </div>
 </body>
</html>
