1924 3224
586 191 627 242 Ο
687 191 730 235 Α
788 195 822 236 P
870 193 925 240 -U
984 191 1027 236 '1'
1158 193 1239 238 ΙΙ,
1515 194 1703 245 XLVII

135 376 308 429 cere,
359 354 686 414 eiusmodi·
726 354 1019 413 animum
1059 351 1280 413 matris
1309 344 1458 414 snae
1496 357 1570 416 in
1597 378 1700 437 pa.

133 485 294 529 trem
338 489 560 541 suum,
608 470 675 527 in
720 489 785 527 se
827 469 1045 547 ipsum
1075 489 1143 528 ac
1169 488 1442 541 sorores,
1486 470 1559 529 in
1604 489 1699 530 re-

130 605 354 666 gnum,
375 584 454 643 in
485 582 723 643 famam
757 584 1002 665 generis
1029 604 1099 643 ac
1131 582 1436 656 familiae,
1466 601 1551 644 yut
1575 606 1702 645 me·

128 700 254 760 rito
278 698 452 758 abea
482 719 722 778 poenas
750 698 939 757 liberi
965 699 1066 758 sui
1097 699 1510 783 potissimum
1536 716 1702 779 pete·

132 835 198 873 re
223 814 622 883 debuerint.-“
667 814 791 872 Hic
810 814 992 873 locus
1022 828 1115 875 est
1145 814 1310 892 apud
1336 815 1738 903 Ciceronem!

120 909 201 988 'de
244 934 384 988 Inv'.
440 934 490 987 Ι.
544 943 636 1001 14.
686 934 915 1006 (quem
957 928 1467 1009 Quintil.·etiam
1507 932 1703 1008 'paulo

125 1059 276 1122 post
321 1048 556 1101 III..11
582 1088 598 1115 ,
648 1059 742 1114 13.
786 1044 1027 1122 tangit,
1075 1042 1187 1099 ubi
1218 1043 1704 1106 ait-Ciceronem

131 1159 201 1216 in
232 1157 588 1217 Rhetoricis
627 1162 1087 1236 Hermagoram
1128 1131 1470 1234 sequutum
1514 1163 1705 1235 esse.)

132 1271 539 1331 Vocabulum
569 1263 815 1343 meritc,
856 1271 1033 1349 quod
1073 1270 1143 1328 in
1177 1286 1357 1330 textu
1384 1271 1703 1332 librorum

132 1376 457 1445 Ciceronis
527 1382 778 1444 rectius,
811 1384 1014 1456 abest,
1102 1387 1210 1443 vel
1265 1385 1707 1466 Quintilianus

128 1500 391 1570 adiecit,
437 1501 543 1558 vel
582 1500 830 1577 potius»,
875 1513 947 1564 ut
985 1499 1283 1578 equidem
1326 1501 1589 1584 opinor,
1632 1502 1709 1559 li-

132 1613 342 1672 brarii.
1410 1621 1414 1625 ’
1445 1683 1450 1688 ἢ

234 1728 513 1808 Quintil.
540 1731 653 1784 III.
692 1744 749 1799 5,
790 1741 882 1802 ²4·
915 1746 1042 1805 seq.
1099 1755 1101 1757 >
1130 1731 1336 1801 „Sunt
1363 1742 1580 1788 tamen
1610 1730 1707 1789 in-

132 1840 353 1920 scripti
389 1841 656 1901 nomine
697 1845 1121 1923 Hermagorae
1163 1841 1346 1914 libri,
1395 1844 1507 1921 qui
1548 1861 1705 1903 con·-
1766 1914 1770 1917 V

131 1954 399 2022 firment
453 1956 636 2014 illam
697 1955 1109 2034 opinionem,
1187 1956 1320 2028 sive
1371 1955 1574 2016 falsus
1615 1972 1710 2016 est

134 2069 397 2141 titulus,
467 2070 602 2129 sive
674 2070 836 2130 alius
900 2071 1009 2128 h'ic
1069 2075 1492 2151 Hermagoras
1558 2059 1705 2129 fuit.

141 2186 307 2242 Nam
355 2183 637 2243 eiusdem
683 2204 816 2243 esse
863 2185 1188 2263 quomodo
1231 2200 1536 2264 possunt,
1595 2184 1707 2262 qui

137 2297 215 2359 de
271 2298 384 2355 hac
442 2313 573 2356 arte
623 2298 1004 2357 mirabiliter
1058 2300 1261 2358 multa
1321 2299 1705 2377 composuit,
1750 2283 1753 2287 ’

136 2431 370 2489 quum,
423 2413 588 2470 sicut
625 2433 704 2472 ex
747 2412 1076 2475 Ciceronis
1123 2433 1378 2491 quoque
1421 2413 1707 2471 rhetorico

137 2528 333 2604 primo
374 2525 788 2585 manifestum
831 2541 951 2598 est,
1002 2521 1332 2585 materiam
1370 2529 1707 2585 rhetorices

143 2636 213 2696 in
239 2640 442 2699 theses
473 2655 534 2698 et
561 2661 776 2718 causas
799 2639 1132 2701 diviserit?
1179 2641 1350 2720 quod
1382 2642 1712 2719 reprehen-

141 2751 235 2809 dit
269 2753 517 2823 Cicero,
566 2775 632 2812 ac
682 2755 890 2817 thesin
925 2755 1093 2813 nihil
1127 2755 1206 2813 ad
1235 2758 1548 2814 oratofem
1580 2775 1710 2833 per-
