1878 3198
328 235 965 283 RHETORICORUM
1016 237 1185 304 tle.
1243 230 1293 282 1.
1347 245 1427 294 44.
1571 251 1676 310 249

111 417 370 471 persona,
432 400 684 468 opinione
697 417 713 461 ;
778 417 839 450 ae
885 402 963 458 si„
1023 417 1130 471 quo
1169 400 1225 452 in
1264 400 1675 462 numeroillud,

26 537 34 539 ,
107 487 259 557 quod
295 504 390 555 per
407 486 830 537 *similitudinem
869 485 1145 546 afferetur,-
1215 499 1267 538 et
1317 505 1427 556 quo
1466 488 1521 536 in
1558 487 1678 540 loco

108 572 215 624 hoc
251 588 444 644 geum,
485 574 638 622 cuius
665 590 823 622 causa
851 570 1127 631 afferetur,
1165 572 1351 623 haberi
1380 576 1675 633 conveniat,

111 659 438 710 ostendetur.
512 659 749 718 Deinde,
789 659 922 728 quid
949 676 1030 708 res
1058 676 1178 708 cum
1216 676 1273 709 re
1311 657 1549 718 differat,
1592 660 1676 709 de—

28 770 34 775 ,
108 743 523 803 monstrabitur3
598 761 658 793 ex
711 761 818 814 quo
868 743 1210 807 docebimu5‚
1253 745 1430 810 aliud
1478 747 1542 811 de
1593 762 1676 805 eo,

107 830 256 901 quod
293 828 719 897 comparabitur,
760 841 814 880 et
850 831 914 880 de
952 849 1055 903 eo,
1096 833 1311 901 quicum
1349 831 1678 900 comparabi-

107 927 225 973 tur,
267 917 554 966 existimari
592 928 851 983 oportere.
933 918 1103 973 Huius
1143 915 1412 981 facultatis
1451 919 1678 967 maxime

106 1000 464 1072 indigebimus
482 1039 496 1060 ‚
537 1021 701 1071 quum
728 1019 788 1050 ea
821 1005 935 1069 ipsa
962 1004 1383 1072 argumentatio,
1423 1021 1558 1072 quae
1583 1020 1678 1071 per

106 1088 475 1138 inductionem
511 1098 794 1144 tractatur,
837 1089 936 1135 erit
973 1086 1417 1153 reprehendenda.

215 1173 654 1228 Siniudicatum
705 1172 924 1240 aliquod
974 1170 1259 1231 inferetur,
1305 1175 1583 1242 quoniam
1621 1172 1679 1228 id,

104 1275 166 1308 ex
202 1257 286 1307 his
324 1257 457 1307 locis
495 1260 719 1307 maxime
757 1256 1027 1307 firmatur:
1091 1258 1247 1308 laude
1300 1276 1515 1317 eorum,
1581 1259 1678 1328 qui

102 1344 438 1403 iudicarunt;
506 1343 856 1394 similitudine
909 1346 1022 1393 eius
1060 1347 1167 1402 rei,
1232 1361 1338 1414 qua
1378 1345 1455 1394 de'
1481 1346 1674 1414 agitur,

104 1429 172 1478 ad
209 1447 326 1478 eam
362 1446 505 1489 rem,
546 1447 651 1498 qua
690 1430 754 1478 de
791 1430 1084 1479 iudicatum
1123 1441 1233 1488 est3
1272 1440 1675 1480 etcommemo·

4 1515 27 1575 2
101 1514 301 1572 raudo,
341 1532 450 1564 non
487 1514 650 1564 modo
690 1533 799 1564 non
838 1531 948 1563 esse
985 1513 1361 1581 reprehensum
1394 1515 1672 1570 iudicium,

103 1599 196 1648 sed
247 1598 311 1647 ab
366 1599 614 1650 omnibus
678 1599 1059 1665 approbatum;
1124 1610 1177 1647 et
1238 1599 1672 1663 demonstrando}

103 1682 376 1736 difficilius
428 1695 479 1733 et
529 1685 698 1733 maius
737 1681 902 1733 fuisse
941 1685 997 1733 id
1035 1685 1359 1743 iudicatum,
1415 1684 1561 1754 quod
1600 1681 1679 1732 af&

100 1767 329 1827 feratur,
371 1788 530 1838 quam
570 1770 655 1827 id,
697 1770 845 1839 quod
878 1771 1067 1820 instet:
1120 1787 1179 1818 ex
1207 1771 1492 1821 Contrariis
1511 1764 1671 1826 Ίοοίε,

101 1857 147 1905 si
193 1873 275 1904 res
315 1867 407 1904 aut
445 1871 596 1914 vera,
660 1865 752 1903 aut
793 1854 1099 1904 verisimilis
1153 1857 1466 1922 permittet,
1521 1852 1671 1903 infir⁶

99 1943 232 1990 mari
271 1939 559 2009 oportebit.
655 1942 833 2007 Atque·
883 1936 983 1989 erit
1022 1939 1411 1991 observandum
1451 1940 1671 2011 'diligen-

96 2037 205 2084 ter,
246 2043 310 2075 ne
348 2025 483 2075 nihil
520 2025 587 2074 ad
623 2025 711 2082 id,
767 2042 873 2094 quo
916 2026 979 2075 de
1019 2039 1235 2096 agatur,
1291 2028 1555 2094 pert-ineat
1592 2025 1666 2082 id,

98 2112 246 2181 quod
281 2111 575 2162 iudicatum
614 2110 713 2169 sit3
766 2122 818 2159 et
854 2111 1173 2171 videndum,
1228 2107 1295 2160 ne
1331 2129 1399 2170 ea,
1428 2111 1508 2159 res
1545 2126 1668 2177 pro·

98 2193 328 2255 feratur,
369 2198 425 2246 in
465 2213 568 2265 qua
609 2197 679 2244 sit
717 2192 1005 2254 offensum,
1061 2208 1121 2245 ut
1161 2197 1224 2246 de
1266 2199 1415 2264 ipso,
1469 2197 1562 2264 qui
1589 2196 1666 2244 iu·
1708 2263 1712 2267 K

97 2281 317 2339 dicarit,
389 2282 647 2331 iudicium
685 2278 814 2329 fieri
845 2282 1105 2331 videatur.
1222 2281 1443 2348 Oportet
1489 2292 1666 2329 autem

95 2367 540 2423 animadvertere,
581 2382 674 2423 ne,
715 2385 879 2434 quum
912 2368 1063 2416 aliter
1090 2367 1254 2416 multa
1279 2368 1387 2414 sint
1412 2365 1664 2422 iudicata,

95 2453 394 2502 solitarium
430 2452 648 2521 aliquod
687 2453 1010 2509 iudicatum,
1053 2465 1144 2501 aut
1176 2470 1371 2500 rarum«
1396 2448 1661 2499 afferatur.

92 2538 227 2588 Nam
270 2537 355 2586 his
401 2536 560 2587 rebus
602 2540 895 2587 auctoritas
942 2538 1163 2587 iudicati
1213 2530 1455 2592 maxime,
1484 2543 1666 2603 potest.

94 2621 376 2673 infirmari.
450 2628 626 2692 Atque
662 2639 722 2672 ea
761 2624 1006 2692 quidem,
1047 2638 1182 2690 quae
1220 2623 1375 2693 quasi
1412 2618 1582 2688 prob
1600 2636 1660 2667 a·-

50 2704 271 2756 tilia
321 2721 627 2768 sumentur,
701 2709 769 2759 ad
815 2707 958 2760 hunc
1004 2708 1224 2758 modum
1273 2704 1470 2757 tentari
1505 2721 1657 2777 opor-

92 2791 243 2844 tebit.
