1924 3224
331 192 980 267 ADHERENNIUM
1040 217 1328 264 LIBNII.
1371 233 1438 275 27.
1575 189 1678 285 '63

226 382 383 439 Quare
402 393 626 431 ,accusem
655 378 810 428 hunc,
858 382 1050 437 nequeo
1068 377 1351 439 ‚exputando
1383 377 1638 425 evolvere„

141 515 145 518 ‚
205 467 353 516 ,Nam
383 465 424 508 si
451 475 671 515 veretur,
704 462 820 522 quid
849 478 956 509 eum
990 479 1217 514 accusem,
1258 464 1342 524 qui
1371 477 1439 508 est
1466 463 1680 524 probus?

229 550 719 622 Sigjnverecundum
750 549 899 592 animi
927 549 1176 609 ingenium
1205 547 1440 609 possidet,

228 624 359 694 quid
382 651 499 682 eum
526 651 759 684 accusem,
791 635 875 695 qui
902 634 955 678 id
983 634 1123 695 parvi
1151 636 1368 679 auditum
1399 635 1676 681 existimet?

110 754 234 803 'Nou
285 752 623 802 incommoda
670 753 880 801 ratione¹
935 750 1147 800 videtur
1196 750 1300 801 sibi
1363 753 1677 812 ostendisse,

112 852 277 909 quare
306 855 414 888 non
442 850 730 887 accusaret.
809 834 991 905 Quid?
1039 849 1226 903 postea
1252 839 1386 907 quid
1414 838 1526 899 ait?
1562 863 1632 876 ——

227 950 371 996 Nunc
401 965 489 1010 ego
522 962 566 992 te
596 948 653 992 ab
686 963 871 993 summo
901 947 999 990 iam
1029 948 1247 992 detexam
1276 950 1490 995 exordio.

218 1067 352 1115 Item
389 1066 645 1117 vitiosum
684 1076 792 1123 est,
848 1066 994 1133 quod
1034 1066 1233 1115 dicitur
1269 1062 1453 1116 contra
1488 1068 1680 1118 iudicis

112 1150 444 1202 voluntatem
460 1185 475 1209 ,
517 1162 610 1198 aut
634 1134 819 1199 eorum
835 1185 850 1207 ,
892 1151 987 1218 qui
1013 1151 1256 1207 audiunt,
1294 1152 1344 1205 ,si
1368 1162 1459 1199 aut
1484 1164 1678 1218 partes,

112 1234 304 1304 quibus
345 1234 423 1283 illi
468 1235 712 1292 student,
778 1247 871 1284 aut
908 1233 1182 1294 homines,
1241 1250 1374 1304 quos
1416 1235 1496 1285 illi
1531 1253 1679 1286 caros

109 1319 335 1379 habent,
372 1320 681 1378 laedantur,
733 1331 827 1379 aut
863 1319 1043 1389 aliquo
1073 1318 1387 1373 huiusmodi
1417 1322 1550 1372 vitio
1577 1322 1679 1382 lae-

111 1406 269 1455 datur
295 1405 555 1460 auditori‘s
582 1404 845 1454 voluntas.

167 1477 173 1481 ¹
216 1492 347 1540 Item
386 1478 638 1540 vitiosum
675 1502 783 1547 est,
846 1508 954 1540 non
1003 1507 1183 1540 omnes
1223 1507 1305 1539 res
1343 1485 1677 1552 confirmare,

111 1593 243 1645 quas
271 1574 538 1642 pollicitus
564 1576 635 1622 sis
663 1575 718 1622 in
762 1576 1105 1642 expositione.

211 1662 349 1709 Item
375 1659 662 1710 verendum
688 1670 797 1717 est,
839 1677 901 1708 ue
931 1661 994 1710 de
1030 1660 1212 1709 aliare
1240 1661 1474 1719 dicatur,
1515 1681 1679 1731 quum

110 1744 214 1793 alia
243 1745 308 1794 de
346 1761 402 1793 re
441 1746 802 1794 controversia
842 1747 912 1794 sit
925 1762 940 1805 ;
996 1747 1157 1814 inque
1194 1744 1504 1797 huiusmodi
1542 1750 1676 1798 vitio

112 1829 551 1879 considerandum
592 1841 703 1888 est,
758 1846 823 1878 ne
863 1842 953 1879 aut
990 1831 1057 1880 ad
1094 1847 1204 1878 rem
1251 1832 1477 1881 addatur
1525 1834 1675 1902 quid,

111 1926 203 1964 aut
233 1916 507 1983 quippiam
536 1913 600 1963 de
623 1931 679 1962 re
705 1914 1042 1975 detrahatur3
1094 1927 1188 1964 aut
1222 1926 1335 1965 tota
1359 1935 1527 1992 Xcausa
1563 1937 1673 1967 mu-

110 2011 219 2048 tata
238 2002 301 2047 in
329 1996 487 2047 aliam
517 2017 731 2048 causam
759 2001 1052 2060 derivetur3
1119 2002 1199 2050 uti
1225 1995 1375 2067 apud¹
1390 2004 1675 2052 Pacuvium

107 2082 305 2133 Zethus
334 2102 454 2132 cum
478 2084 802 2151 Amphione,
864 2103 1092 2156 quorum
1122 2088 1482 2136 controversia
1509 2106 1675 2156 quum

109 2169 174 2217 de
204 2170 403 2217 musica
443 2170 659 2219 inducta
702 2172 799 2228 sit,
852 2172 1143 2238 disputatio
1182 2172 1237 2219 in
1280 2162 1567 2238 sapientiae
1594 2191 1673 2222 ra—

109 2255 310 2302 tionem
337 2264 390 2301 et
417 2255 628 2303 virtutis
664 2255 949 2304 utilitatem
982 2267 1395 2306 consummatur.

219 2338 350 2386 Item
406 2339 846 2389 considerandum
886 2353 993 2398 est,
1055 2357 1118 2388 ne
1160 2340 1305 2389 aliud
1352 2343 1669 2390 accusatoris

109 2423 410 2470 criminatio
447 2425 742 2481 contineat,
794 2424 938 2475 aliud
965 2412 1255 2474 defensoris
1282 2426 1418 2474 ratio
1447 2438 1666 2495 Purgess

110 2507 260 2575 quod
296 2524 449 2573 saepe
487 2509 730 2558 consulto
768 2510 922 2558 multi
972 2509 1036 2557 ab
1087 2526 1176 2559 reo
1227 2507 1456 2568 faciunt,
1510 2527 1669 2580 angu-

112 2593 227 2640 stiis
255 2609 442 2640 causae
480 2596 679 2653 coacti3
732 2596 844 2652 uti,
895 2597 941 2643 si
977 2595 1125 2662 quis,
1181 2612 1347 2662 quum
1375 2606 1665 2652 accusetur,

111 2675 312 2725 ambitu
346 2679 709 2747 magistratum
735 2681 958 2746 petisse,
1023 2677 1087 2726 ab
1114 2679 1522 2746 imperatoribus
1558 2695 1664 2741 sae-

112 2776 394 2826 penumero
448 2779 502 2811 se
553 2763 693 2829 apud
722 2765 1014 2818 exercitum
1064 2763 1319 2813 donatum
1357 2780 1468 2819 esse
1506 2763 1663 2811 dicat.
