1924 3224
174 214 224 258 x
324 224 328 229 κ
468 163 1697 292 PROLEGOMENoRtiMY,tq>

177 376 330 458 suis,
375 376 487 455 qui
526 392 729 457 agunt
770 378 846 436 de
873 379 1263 448 Inventione
1286 379 1750 465 Rhetoricayaez}

126 500 127 505 ’
175 491 540 552 Rhetoricis
598 494 678 552 ad
728 493 1149 553 Herennium.
1181 494 1490 574 quaedam
1540 483 1764 557 transb‘

166 582 544 686 scripsisse,
635 630 827 688 quam
874 624 1342 688 praeceptorem
1391 612 1750 698 Herennia,-

162 743 338 801 num
379 724 705 783 Ciceronis
746 724 948 784 libros
991 725 1430 804 compilasse..

1786 309 1924 354 ‘w

1844 407 1896 426 ψ

305 845 546 898 Auctor
575 840 654 898 ad
680 844 829 899 Her.
864 845 913 900 I.
951 859 1013 898 2.
1057 841 1190 921 agit
1221 841 1298 899 de
1327 831 1535 901 tribus
1558 857 1750 922 gene·
1838 899 1871 909 ,.

173 954 354 1014 ribus
401 976 765 1028 causarum,
828 971 989 1034 quae
1026 955 1304 1032 recipere
1347 955 1749 1023 debeatora-

173 1085 295 1129 tor.
387 1070 605 1129 Cicero
635 1071 711 1128 de
739 1072 877 1129 Inv.
911 1074 959 1127 Ι.
983 1087 1038 1140 5.
1069 1059 1488 1164 definitiones
1518 1071 1753 1131 horum

174 1206 485 1266 generum
510 1185 743 1244 iisdem
768 1183 902 1242 fere
929 1183 1138 1243 verbis
1173 1184 1469 1242 enuntiat
1483 1207 1502 1253 3
1564 1185 1752 1245 habet

174 1315 392 1360 tamen
422 1302 545 1359 hoc
572 1298 922 1378 proprium,
971 1299 1146 1379 quod
1169 1299 1583 1360 Aristotelem
1599 1302 1748 1360 lau·
1784 1311 1806 1362 ζ

175 1416 304 1488 dat,
354 1428 416 1472 et
441 1421 870 1496 Hermagorae
899 1414 1219 1473 rationem
1247 1413 1605 1496 impugnat,
1637 1416 1754 1495 qui

174 1529 447 1590 oratoris
479 1527 811 1589 materiam
842 1530 913 1588 in
946 1551 1198 1589 causam
1237 1545 1300 1589 et
1328 1529 1402 1589 in
1431 1531 1750 1610 quaestio·

173 1667 326 1704 nem
357 1644 676 1703 diviserat.

306 1760 764 1819 Herennianus
808 1759 1047 1817 ibidem
1089 1775 1296 1839 partes
1331 1760 1622 1840 quinque.
1653 1781 1748 1820 ar·
1774 1778 1797 1830 f

177 1875 261 1934 tis
313 1875 662 1934 rhetoricae
705 1889 1033 1934 enumerat
1073 1895 1143 1934 ac
1184 1873 1436 1932 definit.
1529 1875 1750 1936 Cicero

176 1996 228 2048 Ι.
262 2010 316 2064 7.
365 1990 616 2048 easdem
653 1989 1068 2048 definitiones
1095 1989 1312 2069 paucis
1356 1990 1460 2048 hic
1487 1988 1582 2048 ibi
1609 2011 1754 2049 ver-

88 2141 90 2145 ·
176 2104 276 2164 bis
304 2105 666 2164 immutatis
703 2102 898 2163 affert.

307 2223 428 2278 Sex
458 2219 765 2279 orationis
810 2235 1019 2299 partes
1066 2219 1140 2278 ab
1168 2219 1584 2279 Herenniano
1619 2239 1753 2300 cap.

182 2353 238 2406 3.
288 2334 586 2413 deinceps
630 2350 1025 2396 enumeratas
1085 2356 1154 2394 ac
1197 2334 1537 2408 definitas,
1587 2335 1756 2393 Cice·

179 2471 251 2508 ro
279 2454 326 2508 1.
371 2468 467 2520 15.
497 2470 631 2529 sqq.
678 2449 766 2507 ita
795 2464 1164 2528 pertractat,
1212 2465 1286 2508 ut
1325 2447 1743 2508 definitiones

179 2586 350 2637 non,
411 2579 486 2624 ut
525 2564 668 2635 ille,
715 2585 846 2622 una
897 2565 1055 2623 serie
1108 2565 1483 2624 coniunctas
1529 2577 1752 2641 ponat,

184 2679 293 2738 sed
320 2699 419 2738 eas
447 2677 850 2759 singularum
875 2679 1152 2757 partium
1183 2678 1550 2738 tractationi
1578 2698 1751 2757 prae-

182 2794 398 2853 mittat
428 2798 476 2851 Ι.
514 2808 607 2862 15.
643 2813 739 2870 19.
772 2813 871 2867 24.
905 2811 1006 2866 53.
1096 2793 1522 2854 Verisimilius
1549 2791 1750 2872 igitur
