1924 3224
397 200 499 246 AD
559 197 1063 244 HERENNIUM
1119 196 1268 244 LIB.
1328 198 1377 241 1.
1434 206 1478 253 5.
1666 216 1726 249 12

160 364 349 432 possit.
453 362 547 412 Sin
595 344 796 410 humile
845 361 945 410 erit
982 377 1146 431 genus
1186 376 1401 416 causae,
1475 355 1727 407 faciemus

161 459 412 498 attentos.
490 448 583 499 Sin
611 459 781 518 turpe,
822 447 1182 495 insinuatione
1210 445 1464 499 utendum
1495 446 1623 500 erit,
1665 443 1729 492 de

161 550 268 602 qua
310 533 574 599 posterius
632 533 866 582 dicemus
884 560 914 591 ,-
975 532 1082 579 nisi
1132 531 1264 599 quid
1322 531 1464 578 nacti
1506 529 1727 586 erimus,

161 633 325 686 quare
375 616 705 666 adversarios
757 616 1088 665 criminando
1108 650 1122 672 ,
1175 614 1596 666 benevolentiam
1650 629 1731 661 ca-

160 718 285 769 pere
342 703 629 768 possimus.
731 702 826 752 Sin
862 699 1147 750 honestum
1185 719 1371 751 causae
1409 716 1571 770 genus
1613 699 1729 755 erit,

158 785 343 836 licebit
380 798 520 836 recte
548 786 631 840 vel
666 788 777 844 uti,
829 786 912 837 vel
938 804 1045 836 non
1072 788 1152 836 uti
1180 789 1461 854 principio.
1555 785 1612 833 Si
1649 784 1731 841 uti

158 870 429 930 volemus,
481 883 573 920 aut
608 870 878 939 oportebit
917 872 1224 930 ostendere,
1276 888 1439 941 quare
1467 887 1624 919 causa
1663 869 1733 917 sit

158 954 412 1014 honesta,
453 950 544 1004 aut
568 955 825 1014 breviter,
867 955 1061 1024 quibus
1089 957 1153 1006 de
1180 955 1337 1005 rebus
1367 958 1531 1005 simus
1562 956 1733 1005 dictu·

159 1043 237 1099 ri,
290 1058 566 1108 exponere.
670 1041 726 1091 Si
763 1025 1027 1108 principio
1069 1044 1149 1090 uti
1184 1042 1456 1098 nolemus,
1525 1042 1559 1089 a⁷
1596 1040 1730 1109 lege,

161 1143 193 1174 a
233 1119 521 1192 seriptura,
588 1136 682 1175 aut
722 1124 787 1181 ab
829 1124 1008 1193 aliquo
1032 1123 1343 1176 firmissimo
1375 1137 1586 1178 nostrae
1613 1135 1730 1176 cau‘·

162 1227 251 1260 sae
278 1211 584 1262 adiumento
608 1212 830 1260 initium
856 1227 1040 1277 capere
1068 1211 1349 1277 oportebit.

269 1297 536 1362 Quoniam
578 1298 742 1367 igitur
777 1296 1033 1353 docilem,
1072 1295 1417 1355 benevolum,
1447 1280 1730 1347 'attentum

158 1379 354 1430 habere
384 1381 682 1431 auditorem
717 1381 993 1439 volumus,
1045 1383 1317 1450 quomodo
1346 1383 1582 1451 quidque
1609 1399 1730 1434 con·

159 1464 256 1515 fici
282 1467 484 1533 possit,
523 1469 833 1533 aperiemus.
919 1464 1196 1516 Dociles
1236 1469 1508 1517 auditores
1535 1467 1732 1516 habere

159 1553 484 1619 poterimus,
537 1554 583 1603 si
620 1570 880 1602 summam
920 1569 1108 1601 causae
1130 1551 1362 1604 breviter
1390 1568 1728 1620 exponemus,

162 1647 217 1688 et
256 1638 302 1693 si
342 1647 572 1686 attentos
611 1653 700 1686 eos
737 1634 1008 1689 faciemus.
1095 1639 1226 1690 Nam
1261 1639 1448 1687 docilis
1486 1648 1594 1694 est,
1636 1637 1732 1704 qui

162 1732 364 1771 attente
387 1722 504 1772 vult
529 1722 727 1771 audire.
802 1725 1133 1773 Attentos
1173 1721 1506 1779 habebimus,
1550 1724 1594 1774 si
1619 1721 1731 1788 pol-

160 1805 469 1864 licebimur,
521 1825 618 1857 nos
658 1807 722 1856 de
757 1806 914 1856 rebus
942 1808 1175 1878 magnis,
1237 1811 1419 1866 novis,
1459 1809 1728 1856 inusitatis

159 1891 323 1943 verba
347 1890 601 1951 facturos,
641 1903 732 1941 aut
758 1893 821 1942 de
848 1893 933 1949 iis,
972 1910 1107 1961 quae
1135 1893 1202 1947 ad
1225 1910 1388 1960 remp.
1415 1894 1727 1960 pertineant,

163 1987 255 2026 aut
303 1977 371 2028 ad
424 1994 514 2029 eos
564 1980 739 2044 ipsos,
797 1979 891 2047 qui
941 1978 1182 2035 audient,
1249 1990 1340 2027 aut
1390 1979 1456 2028 ad
1509 1978 1730 2030 deorum

163 2062 549 2113 immortalium
586 2063 925 2134 religionem3
977 2075 1030 2112 et
1071 2064 1118 2114 si
1156 2063 1493 2134 rogabimus,
1557 2078 1618 2112 ut
1656 2073 1731 2109 at-

163 2157 310 2196 tente
342 2147 589 2207 audiant;
631 2159 683 2198 et
708 2149 754 2197 si
781 2164 1002 2202 numero
1031 2165 1351 2214 exponemus
1377 2165 1460 2196 res
1478 2184 1494 2205 ,
1535 2145 1730 2215 quibus

165 2231 232 2280 de
279 2231 437 2280 rebus
491 2233 684 2282 dicturi
735 2250 936 2286 sumus,
1023 2233 1405 2283 Benevolos
1457 2233 1727 2282 auditores

164 2313 336 2365 facere
372 2328 599 2384 quatuor
637 2318 810 2367 modis
850 2319 1176 2385 poterimus,
1234 2336 1263 2365 a
1291 2328 1504 2376 nostra,
1546 2315 1613 2365 ab'
1641 2316 1731 2368 ad·

164 2403 546 2459 versariorum,
610 2401 674 2469 ab
730 2402 1034 2452 auditorum
1073 2419 1327 2469 persona,
1392 2414 1445 2451 et
1497 2420 1528 2450 a
1569 2401 1727 2452 rebus

163 2488 312 2553 ipsis,
413 2487 461 2539 A
496 2498 738 2540 nostra
784 2505 1011 2554 persona
1065 2486 1482 2557 benevolentiam
1524 2498 1730 2539 contra·

163 2570 349 2621 bemus
368 2608 384 2637 ,
424 2574 470 2623 si
508 2584 749 2627 nostrum
790 2570 1024 2622 officium
1065 2574 1176 2620 sine
1217 2573 1518 2642 arrogantia
1550 2570 1731 2622 lauda-

163 2655 370 2717 bimus,
425 2668 582 2726 atque
618 2659 672 2707 in
699 2674 860 2723 remp.
901 2657 1080 2726 quales
1106 2655 1393 2715 fuerimus,
1448 2658 1616 2708 autin
1640 2673 1731 2722 pa·

165 2753 371 2800 rentes,
451 2754 543 2792 aut
593 2744 650 2792 in
700 2739 931 2799 amicos,¹
1007 2754 1100 2792 aut
1149 2744 1206 2793 in
1257 2759 1345 2794 eos
1393 2743 1571 2808 iPSOS,
1634 2740 1730 2809 qui
