1924 3224
302 230 406 276 AD
458 225 953 275 HERENNIUM
1012 226 1172 274 LIB.
1225 228 1347 274 111.
1398 229 1444 276 6.
1595 245 1664 297 35

95 393 242 444 modi
275 393 492 444 virtutis
530 392 629 450 sit,
668 401 732 440 ut
765 390 949 440 omnes
990 405 1402 441 commemorare
1433 391 1660 444 debeant

94 477 255 537 velle,
296 489 390 527 aut
413 478 561 546 quod
587 489 788 526 rectum
813 478 911 535 sit,
966 493 1027 526 ex
1054 476 1282 527 aliorum
1305 477 1462 527 laude
1488 491 1660 530 osten·

94 564 244 622 dere,
286 562 457 632 qualis
495 573 677 612 noster
715 563 924 611 animus
963 560 1048 610 sit.
1125 562 1183 611 Si
1219 560 1659 628 vituperabimus,

95 660 188 698 aut
233 649 424 697 merito
477 644 679 706 facere,
744 646 893 716 quod
940 648 1017 695 ita
1052 649 1266 695 tractati
1306 649 1504 706 simus,
1568 661 1663 699 aut

95 733 312 790 studio,
352 732 500 801 quod
537 732 669 781 utile
703 743 949 799 putemus
989 749 1129 790 esse,
1169 730 1235 781 ab
1269 721 1519 782 omnibus
1544 735 1661 782 uni·

94 836 210 868 cam
246 817 505 866 malitiam
542 829 701 888 atque
737 819 1030 887 nequitiam
1068 819 1347 890 cognosci,
1388 830 1482 869 aut
1512 818 1662 888 quod

91 904 298 972 placeat
334 903 575 963 ostendi,
615 903 745 971 quid
782 902 940 952 nobis
981 891 1286 969 displiceat,
1341 919 1401 952 ex
1434 903 1662 953 aliorum

93 987 500 1056 vituPeratione.
575 986 670 1036 Ab
713 988 862 1035 eius
896 1003 1225 1053 persona,
1277 988 1353 1037 de
1391 996 1523 1056 quo
1562 988 1661 1038 lo·

93 1089 402 1143 quemur:
451 1073 507 1122 Si
541 1070 908 1129 laudabimus,
947 1074 1127 1122 vereri·
1153 1089 1251 1121 nos
1289 1073 1555 1133 dicemus,
1594 1090 1663 1124 ne

92 1159 235 1208 illius
273 1155 414 1206 facta
452 1155 626 1207 verbis
664 1158 921 1225 consequi
960 1173 1069 1206 non
1112 1158 1410 1223 possimus,
1476 1174 1661 1209 omnes

92 1242 334 1294 homines
383 1240 528 1290 illius
574 1243 798 1292 virtutes
849 1241 1155 1307 praedicare
1203 1254 1477 1308 oportere,
1544 1246 1661 1312 ipsa

92 1326 235 1378 'facta
272 1328 512 1398 omnium
538 1325 881 1376 laudatorum
911 1325 1271 1395 eloquentiam
1311 1330 1527 1378 anteire.
1604 1329 1663 1379 Si

95 1412 538 1481 vituperabimus,
579 1428 669 1468 ea,
721 1427 858 1480 quae
895 1410 1192 1462 videbimus
1230 1415 1497 1472 contraria
1534 1432 1660 1481 pau-

95 1501 170 1552 cis
227 1496 401 1549 verbis
458 1498 797 1546 commutatis
850 1495 956 1545 dici
998 1512 1184 1561 posse,
1259 1497 1493 1547 dicemus
1503 1514 1523 1564 ‚²
1598 1510 1662 1557 ut

93 1583 254 1651 paulo
288 1595 409 1631 ante
446 1581 668 1648 exempli
717 1597 874 1630 causa
920 1580 1337 1630 demonstratum
1383 1594 1479 1632 est.
1563 1582 1660 1633 Ab

97 1669 494 1718 auditorum
523 1681 848 1732 persona:
916 1665 973 1714 Si
997 1665 1363 1725 laudabimus,
1403 1668 1660 1736 quoniam

96 1771 205 1804 non
255 1753 396 1820 apud
436 1753 651 1821 ignotos
703 1750 1007 1807 laudemus,
1071 1768 1169 1800 nos
1211 1753 1463 1802 monendi
1503 1769 1660 1802 causa

95 1854 262 1906 pauca
301 1854 430 1886 esser
454 1837 718 1894 dicturos,
759 1847 852 1885 aut
885 1837 930 1885 si
967 1847 1124 1884 erunt
1161 1838 1363 1906 ignoti,
1402 1848 1464 1886 ut
1499 1836 1668 1885 talem.

95 1926 271 1976 virum
306 1922 474 1974 velint
510 1937 853 1991 cognoscere,
892 1932 1164 1987 petemus3
1206 1923 1459 1991 quoniam
1486 1923 1541 1970 in
1573 1938 1657 1971 eo-

98 2009 217 2059 dem
241 2008 455 2059 virtutis
486 2007 662 2056 studio
688 2008 827 2065 sint,
867 2007 1010 2074 apud
1034 2024 1169 2076 quos
1201 2007 1506 2065 laudemus,
1547 2023 1656 2076 quo

97 2093 215 2150 ille,
256 2093 349 2161 qui
384 2091 658 2148 laudetur,
698 2088 886 2150 fuerit,
939 2105 1032 2141 aut
1057 2094 1156 2150 sit,
1210 2108 1416 2159 sperare
1445 2108 1543 2141 nos
1582 2089 1657 2139 fa-

99 2178 196 2226 cile
232 2179 329 2234 iis,
394 2174 590 2244 quibus
629 2174 881 2233 velimus,
943 2175 1101 2226 huius
1142 2175 1282 2226 facta
1318 2175 1653 2243 probaturos.

100 2262 378 2313 Contraria
415 2261 758 2326 vituperatio:
823 2263 1076 2329 quoniam
1113 2263 1324 2319 norint,
1387 2278 1552 2328 pauca
1591 2261 1657 2310 de

96 2347 336 2415 nequitia
378 2346 490 2393 eius
523 2361 618 2393 nos
660 2361 771 2393 esse
808 2345 1073 2406 dicturo.s;
1126 2347 1272 2415 quod
1311 2347 1357 2394 si
1390 2338 1654 2416 ignorent,

98 2444 336 2500 petemus
385 2441 447 2477 ut
493 2441 842 2498 cognoscant,
915 2432 995 2479 uti
1032 2431 1290 2479 malitiam
1333 2433 1499 2482 vitare
1534 2447 1654 2498 pos·

101 2518 238 2566 sint:
278 2516 532 2584 quoniam
571 2514 850 2564 dissimiles
887 2517 1022 2574 sint,
1075 2517 1170 2584 qui
1206 2517 1458 2575 audiunt,
1499 2527 1657 2584 atque

101 2601 220 2658 ille,
261 2602 355 2669 qni
392 2601 747 2665 vituperatur,
786 2617 882 2650 nos
920 2617 1158 2667 sperare,
1198 2615 1288 2651 eos
1315 2602 1460 2651 illius
1487 2604 1657 2652 vitam

103 2684 435 2737 vehementer
470 2684 877 2751 improbatur-os.
952 2683 1047 2734 Ab
1085 2683 1287 2734 rebus
1326 2688 1527 2753 ipsis:
1577 2687 1654 2734 in-

107 2782 278 2820 certos
302 2786 399 2819 nos
427 2786 569 2827 esse,
609 2771 739 2839 quid
763 2771 1101 2838 potissimum
1124 2769 1428 2829 laudemus3
1467 2771 1653 2826 vereri,
