1878 3198
275 267 277 270 ,
349 203 467 246 AD·
507 195 1002 246 HERENNIUM
1057 203 1134 246 Π.
1179 213 1262 256 27.
1305 210 1388 257 23.
1576 187 1663 267 255

114 372 124 376 “
177 344 287 424 vPag.
325 362 400 419 65.
441 376 490 407 v.
527 359 598 420 ‘19-
653 375 789 405 caus
805 376 890 404 am
939 382 999 395 --
1055 358 1202 406 Abest
1238 360 1378 407 Leid.
1424 371 1467 416 5.
1507 375 1554 408 et
1591 364 1664 410 ed.

95 447 382 496 O'mnibonh

183 538 292 597 Pag.
318 535 388 591 65.
427 546 572 580 v.22.
635 545 1099 597 consummatur
1139 531 1207 573 -ί
1253 537 1327 580 Ita
1365 545 1491 581 recte
1527 538 1670 582 Lam-

94 621 251 668 binus.
305 620 453 683 Vulg.
496 621 922 666 consumitur.
1427 686 1443 690 -

179 712 289 769 Pag.
306 709 383 764 65.
413 724 462 754 v.
491 708 559 752 26.
585 707 654 752 si
698 707 863 766 quis,
906 698 1091 767 quum
1134 721 1472 755 accusetur
1507 733 1566 747 ·-·
1616 711 1671 755 si

96 795 237 872 quis
279 807 617 859 accusetur
655 794 792 842 Voss.
823 805 865 849 5.
911 793 1042 854 quod
1070 810 1170 844 non
1211 808 1309 840 erat
1350 796 1485 856 quod
1522 795 1675 857 place-

93 892 166 924 ret
206 879 572 940 Oudendorpio.

178 968 286 1026 Pag.
327 965 397 1023 64.
442 982 491 1010 v.
533 978 573 1009 2.
628 981 804 1026 saepe
865 964 1406 1028 deprehendemus
1455 992 1513 1002 —-
1570 970 1674 1012 Ine-

92 1065 232 1114 ptum
265 1051 525 1101 emblema,
559 1052 691 1111 quod
720 1050 767 1093 11.
800 1050 833 1094 l.
872 1051 1088 1110 sequitur
1117 1052 1170 1095 in
1202 1053 1332 1103 edd„
1365 1066 1423 1097 et
1462 1053 1525 1097 in
1566 1052 1677 1097 hu·-

93 1138 367 1185 iusmodi
410 1137 923 1199 deprehensione
964 1139 1395 1190 ostendemus,
1430 1139 1672 1184 eiecimus.

93 1223 197 1272 Nec
228 1236 499 1283 agnoscunt·
520 1224 658 1282 qodd.
688 1224 787 1267 Erf.
823 1222 1001 1291 Cauch.

123 1363 126 1366 Α
164 1291 288 1371 >Pag.
325 1310 402 1367 64.
455 1325 503 1354 v.
543 1322 610 1353 12.
668 1309 1118 1355 decoloratum
1173 1333 1232 1347 -ι
1311 1313 1369 1354 In
1407 1310 1513 1360 edd.
1555 1322 1674 1360 vett.

94 1395 470 1456 praefigebatur:
513 1411 803 1457 corpore.

654 1533 693 1583 C
718 1557 744 1584 a
766 1555 796 1599 p
812 1571 824 1582 .
879 1540 1113 1597 XXVIII,
1152 1526 1154 1528 ,

111 1682 116 1686 -
180 1653 289 1712 Pag.
314 1653 391 1710 64.
419 1656 479 1698 v.'
500 1667 569 1713 19.
613 1666 710 1704 ut,
753 1669 934 1713 quum
976 1653 1028 1697 si
1056 1676 1114 1690 -ι
1154 1668 1334 1714 quum
1363 1653 1671 1704 inseruimus,

95 1739 443 1784 constructioni
471 1752 525 1783 ut
556 1739 804 1798 integritas
836 1751 1083 1783 constaret.

180 1827 288 1884 Pag.
324 1825 395 1878 64.
453 1842 501 1869 v.
538 1837 610 1868 22.
671 1839 850 1868 cures
909 1839 1279 1871 enumerare
1320 1844 1378 1861 -ο
1433 1823 1542 1868 Hoc
1573 1822 1676 1867 sine

95 1924 231 1960 causa
259 1911 312 1953 in
343 1908 545 1955 dubium
574 1922 718 1956 vocat
746 1910 993 1958 Glaevius.

120 2048 124 2053 Γ
179 1998 290 2056 Pag.
312 1996 388 2062 64.
420 2012 468 2043 v,
494 2008 568 2051 25.
611 1995 794 2042 velut
834 1995 1131 2056 depressa
1161 2020 1215 2030 —-
1257 1994 1508 2054 Ingeniose
1533 1995 1682 2038 Grae«

3 2130 46 2154 (-
92 2080 203 2125 vius
246 2081 476 2129 coniecit.
533 2093 589 2124 et
643 2097 794 2144 quae
844 2081 1055 2125 velint
1106 2082 1423 2147 depressa.
1495 2078 1678 2139 Vulga-

94 2178 200 2210 tum
233 2178 391 2215 tamen
419 2182 518 2211 non
549 2179 618 2211 est
647 2166 951 2216 mutandum.

180 2254 287 2311 Pag.
316 2251 386 2305 64.
417 2269 465 2298 v.
491 2259 562 2306 23.
592 2263 663 2309 29.
705 2268 777 2295 an
819 2251 1112 2299 Vestinis
1156 2248 1585 2295 Pinnensibus
1620 2248 1700 2285 -“

96 2337 167 2379 Ita
219 2335 340 2383 βοᾷ.»
382 2336 486 2380 Erf.
554 2353 626 2382 an
677 2336 954 2381 vestinis
1025 2354 1099 2398 an
1166 2333 1678 2396 penninensibus

96 2420 278 2470 Cauch,
349 2438 420 2469 an
470 2421 889 2467 Numantanis
943 2438 1015 2466 an
1065 2414 1500 2482 pennensibus
1553 2419 1678 2464 Pith.

96 2522 168 2550 an
197 2507 580 2566 Vegentinis
623 2506 769 2554 Voss.⁷
794 2525 832 2551 1.
866 2521 909 2557 2.
937 2506 1077 2551 Leid.
1111 2523 1149 2552 1.
1180 2519 1222 2550 2.
1254 2518 1297 2562 5.
1346 2523 1420 2549 an
1458 2506 1681 2553 Veien-

64 2591 260 2653 ·tanis
314 2593 405 2636 Ms.
451 2593 580 2636 Cort.
623 2609 693 2635 an
744 2592 1099 2641 Venusinis
1156 2591 1288 2652 vulg.
1341 2592 1684 2635 Pennensi-

100 2675 210 2720 bus
249 2676 483 2738 probabat
525 2677 816 2722 Gronovius.
878 2671 942 2720 Et
982 2689 1107 2721 recte
1149 2677 1363 2737 quidem.
1435 2678 1563 2722 Nam
1606 2692 1681 2721 res

101 2760 185 2807 issa
214 2762 364 2823 petita
411 2767 569 2807 estex
597 2762 800 2809 historia
841 2761 961 2807 belli
987 2762 1211 2813 Marsici;
1264 2762 1323 2807 de
1362 2761 1684 2807 Pennensibus

1079 2833 1087 2852 Χ
