1878 3198
228 234 331 278 AD
383 207 886 277 HERENNIUM
943 233 1362 292 Liss.1v.42.
1405 238 1534 292 45·
1585 221 1683 299 16¹5

112 395 310 452 tando,
371 394 861 460 pronuntiationem
911 409 1126 462 quoque
1174 390 1537 451 vehementius
1587 396 1682 457 im5

115 479 454 541 mutabimus.
546 479 659 528 Hoc
694 495 866 547 neque
903 479 1333 529 commodissime
1368 478 1531 540 scribi
1566 492 1683 547 pot-

115 577 220 624 est,
245 545 260 563 Χ
282 582 452 634 neque
487 582 676 632 parum
720 575 798 625 est
837 575 1092 631 apertum.
1208 564 1383 631 Quare
1420 581 1530 614 non
1567 578 1687 636 eget

115 650 354 718 exempli.
1034 703 1036 706 ,

221 747 305 801 43.
373 736 613 785 Tertium
656 750 819 806 genus
871 745 951 785 est
1005 735 1433 785 commutationis
1452 771 1466 793 ,
1538 737 1685 806 quod

115 821 544 873 traducendo
597 818 916 884 conficitur,
993 820 1038 868 si
1078 808 1682 874 ἐθιιῐθιιιίειῐιιιιᾞίίείε-

114 924 235 957 mus
287 919 382 966 aut
430 899 503 956 ad
548 905 1074 964 sermocinationem,
1147 916 1238 953 aut
1286 906 1354 956 ad
1404 910 1683 971 exsuscita-

114 993 333 1043 tionem.
948 1048 953 1057 Ἀ

192 1078 734 1128 ⁴Sermocinatio
787 1089 896 1135 est,
961 1077 1060 1141 (de
1109 1083 1214 1145 'qua
1259 1075 1469 1144 planius
1519 1078 1681 1146 paulo

114 1173 238 1230 post
262 1180 359 1212 suo
388 1163 506 1212 loco
534 1162 794 1220 dicemus,
836 1180 976 1211 nunc
1012 1161 1248 1213 breviter
1281 1163 1347 1212 ad
1384 1162 1521 1219 hanc
1553 1181 1682 1223 rem,

116 1249 264 1318 quod
300 1250 428 1302 satis
467 1249 566 1307 sit,
619 1250 1007 1319 attingemus‚,.)
1068 1249 1124 1296 in
1177 1265 1282 1316 qua
1331 1251 1686 1300 constituetur

117 1333 342 1389 alicuius
380 1348 634 1399 personae
688 1334 861 1382 orati-o
913 1333 1313 1383 accommodata
1352 1333 1419 1383 ad.
1457 1334 1683 1405 dignita-

114 1430 255 1476 tem,
317 1417 421 1467 hoc
460 1418 651 1468 modo:
703 1419 827 1480 (ut,
879 1435 985 1486 quo
1022 1415 1244 1490 vfacilius
1299 1435 1398 1467 res.
1435 1421 1685 1488 cognosci

115 1505 317 1570 possit,
373 1520 438 1550 ne
477 1501 541 1551 ab
582 1503 763 1552 eadem
801 1504 1060 1552 sent-entia
1106 1502 1478 1568 recedamus3)
1543 1505 1684 1562 „Sa-

116 1575 295 1654 piens,
337 1588 431 1655 qui
470 1589 648 1637 omnia
685 1587 1006 1654 reipublicae
1044 1604 1200 1644 causa
1227 1588 1561 1654 suscipienda
1598 1606 1683 1656 pe-

119 1671 284 1720 ricula
343 1669 583 1738 putabit,
666 1690 818 1740 saepe
879 1674 991 1739 ipse
1054 1689 1228 1722 secum
1282 1673 1358 1720 sic
1404 1671 1682 1741 loquetur:

119 1757 253 1804 LVon
291 1756 425 1805 mihi
461 1756 591 1816 soli,
631 1758 728 1805 sed
767 1758 959 1815 etiam,
1010 1767 1172 1825 atque
1209 1757 1344 1805 adeo
1383 1757 1549 1806 multo
1589 1774 1683 1823 po·
1747 1783 1750 1786 ·

119 1844 259 1900 tius,
300 1852 464 1891 natus
504 1860 619 1891 sum
647 1843 893 1908 patriae:
936 1843 1086 1900 vita,
1124 1859 1259 1908 quae
1272 1834 1414 1915 sato
1445 1841 1682 1903 debetur,

120 1928 291 1978 saluti
336 1928 552 1993 patriae
597 1928 944 1994 potissimum
995 1926 1260 1976 solvatur.
1360 1926 1514 1976 Aluit
1554 1929 1684 1977 haec

122 2031 235 2072 me;
292 1996 408 2068 tute
458 2023 619 2079 atque
654 2013 872 2060 honeste
922 2011 1188 2078 produxit
1226 2027 1390 2080 usque
1432 2013 1508 2060 ad
1545 2014 1684 2062 hanc

120 2111 348 2148 aetatem
365 2116 386 2156 ;
428 2098 619 2147 muniit
649 2115 790 2145 meas
818 2101 1056 2146 rationes
1084 2096 1237 2146 bonis
1272 2096 1503 2162 legibus,
1544 2099 1682 2164 opti-

123 2168 236 2233 mis
264 2181 528 2242 moribus,
568 2182 964 2232 honestissimis
992 2183 1315 2249 disciplinis.
1398 2181 1550 2260 Quid
1581 2192 1679 2242 est,

95 2269 267 2337 ,quod
315 2286 351 2316 a
399 2285 476 2315 me
524 2269 661 2316 satis
717 2269 764 2323 ei
802 2269 1044 2334 persolvi
1092 2269 1298 2333 possit,
1362 2267 1504 2315 unde
1553 2267 1684 2316 haec

122 2363 343 2419 accepta
383 2352 596 2401 sunt?“
669 2355 801 2403 Item
836 2365 1077 2402 mutatur
1109 2370 1190 2401 res
1208 2352 1679 2418 ⁸traducendo,

122 2442 167 2488 si
214 2440 514 2489 traducitur
562 2437 629 2486 ad
687 2439 1179 2494 exsuscitationem,
1254 2456 1418 2506 quum
1480 2449 1533 2486 et
1583 2454 1682 2487 nos

124 2527 379 2575 commoti
439 2525 610 2574 dicere
666 2524 943 2582 videmur,
1022 2535 1073 2573 et
1132 2523 1389 2572 auditoris
1446 2525 1682 2571 animum

124 2626 544 2663 commovemus,
586 2609 687 2656 sic':
729 2644 763 2666 ‚,
782 2610 913 2674 Quis
949 2621 1028 2657 est
1051 2621 1160 2657 tam
1187 2610 1332 2657 tenui
1359 2609 1682 2678 cogitatione

121 2694 420 2760 praeditus,
485 2696 633 2742 cuius
684 2696 888 2742 animus
939 2695 1100 2743 tantis
1153 2695 1411 2764 angustiis
1450 2693 1682 2743 invidiae

125 2781 450 2836 continetur,
516 2781 611 2848 qui
663 2797 769 2830 non
806 2778 946 2828 huuc
982 2777 1255 2828 hominem
1292 2778 1682 2828 studiosissime
