1924 3224
1086 90 1110 126 ’,ίτ
1193 114 1219 148 3,

734 155 747 178 Ι
1202 147 1214 169 ἢ.
1222 142 1231 155 e

200 204 205 212 ’
250 235 350 278 AD
408 203 1122 279 HERENNIUMXLIB.
1163 232 1260 282 1V.
1301 229 1422 290 4.·5.
1541 250 1639 300 115

82 392 321 464 proferre
349 392 567 462 debent„
632 391 934 451 Postremo,
963 395 1019 443 in
1044 409 1108 442 eo
1136 391 1487 444 vim-artificii
1517 412 1636 458 con-¹

79 491 326 536 sumant.
367 477 434 528 ut(
450 475 551 546 ipsi
579 477 648 527 ab·
671 478 788 528 aliis
817 482 995 546 potius
1024 479 1281 549 eligendi,
1319 498 1477 548 quam
1510 480 1642 532 alio·v

79 583 201 614 rum
243 564 373 615 boni
413 564 661 614 electores
697 571 1076 613 existimentur.
1152 565 1344 614 Contra
1370 583 1460 623 ea,
1500 583 1636 635 quae

83 649 150 699 ab
200 651 284 698 iis‘
322 650 595 709 dicuntur,
660 653 755 719 qui
803 652 986 700 dicunt
1037 649 1218 698 alienis
1260 650 1508 717 exemplis
1554 653 1634 700 uti

80 747 356 802 oportere,
398 739 522 786 satis
561 748 641 785 est
679 737 925 786 dictum.·
975 735 1154 793 Nunc,
1193 742 1328 804 quae
1354 740 1634 804 separatim

81 820 192 870 dici
215 832 464 887 possunt,
506 822 917 871 consideremus·

141 947 143 949 .
185 915 237 964 5.
309 907 551 971 Dicimus
590 909 782 977 igitur,
823 923 912 956 eos
943 917 1060 955 tum
1087 906 1238 974 ideo,
1279 906 1422 974 quod
1451 905 1635 956 alienis

80 1001 367 1048 utantur„
403 1008 647 1057 peccare,
712 1004 827 1040 tum
867 993 1045 1047 ,etiam
1096 994 1261 1061 magis
1312 990 1633 1060 delinquere,

82 1075 230 1144 quod
268 1093 298 1123 a
335 1075 516 1125 multis
555 1076 787 1143 exempla
824 1087 1048 1126 sumant.
1125 1076 1229 1126 Sed
1263 1076 1327 1124 de
1353 1092 1447 1131 eo,
1487 1076 1656 1143 quo&

79 1172 264 1228 postea
314 1161 572 1218 diximus,
626 1173 746 1210 ante
797 1162 1082 1212 videamus.
1170 1161 1227 1211 Si
1275 1162 1632 1222 concederem,
1711 1151 1713 1153 i

81 1242 253 1293 aliena
294 1258 538 1313 oportere
574 1264 839 1296 assumere
877 1246 1134 1313 exempla,
1174 1248 1433 1296 vincerem
1475 1247 1632 1295 unius

81 1341 342 1396 oportere.
429 1331 694 1390 Primum,
747 1332 892 1401 quod
931 1343 1114 1381 contra
1151 1329 1256 1381 hoc
1293 1330 1436 1380 nulla
1471 1342 1635 1380 staret
1670 1364 1679 1373 ⁸

80 1415 275 1465 eorum‘
314 1417 468 1466 ratio.
544 1418 692 1466 Licet
743 1419 881 1466 enim
932 1416 1208 1486 eligerent,
1262 1428 1312 1465 et
1347 1415 1634 1483 probarent

80 1499 400 1570 quemlibet,
453 1504 547 1571 qui
583 1501 686 1552 sibi
725 1503 780 1550 in
819 1519 999 1551 omnes
1037 1518 1118 1550 res
1155 1501 1514 1568 suppeditaret
1551 1518 1631 1550 ex·

79 1584 279 1652 empla,
337 1586 420 1637 vel
468 1579 707 1653 poetam.
759 1586 842 1637 vel
880 1599 1175 1644 oratorem,
1224 1588 1371 1635 cuius
1406 1587 1645 1637 auctori-⁷
1711 1637 1719 1647 Ι

78 1680 189 1718 tate
239 1672 545 1723 niterentur.
619 1672 823 1724 Deinde
871 1673 1090 1721 interest
1126 1674 1303 1742 magui
1340 1673 1480 1728 eius,
1531 1672 1627 1741 qui

78 1754 278 1805 discere
328 1756 472 1815 vult,
532 1769 711 1806 utrum
760 1774 925 1806 uuum
965 1758 1170 1815 omnia,
1224 1775 1290 1806 au
1330 1758 1507 1807 omnia
1545 1773 1630 1806 ne-

77 1841 305 1899 miuem,
346 1841 440 1891 sed
478 1841 621 1891 aliud
658 1840 821 1890 alium
860 1853 1010 1909 putet
1047 1844 1299 1911 consequi
1337 1858 1506 1909 posse.
1572 1842 1630 1892 Si

79 1927 217 1974 enim
264 1925 471 1993 putabit
508 1944 661 1994 posse
699 1931 876 1977 omnia
913 1944 1069 1995 penes
1109 1940 1274 1976 unum
1312 1929 1626 1987 consistere3

14 2033 17 2035 ⁴
75 2010 190 2076 ipse
228 2028 441 2079 quoque
482 2012 548 2061 ad
586 2014 823 2075 omnium
860 2015 1058 2062 nitetur
1086 2011 1421 2071 facultatem3
1463 2014 1544 2061 sin
1573 2012 1629 2062 id

78 2094 411 2162 desperabit,
450 2097 506 2144 in
545 2098 723 2162 paucis
762 2114 816 2146 se
854 2097 1142 2158 exercebit;
1183 2099 1309 2165 ipsis
1337 2099 1476 2145 enim
1507 2114 1627 2146 con·

79 2189 255 2229 tentus
307 2181 421 2230 erit.
512 2181 619 2230 Nec
667 2183 894 2242 mirum,
949 2201 1113 2252 quum
1162 2185 1272 2250 ipse
1320 2192 1627 2248 praeceptor

80 2266 208 2313 artis
273 2264 452 2315 oinnia
508 2283 664 2334 penes
726 2257 891 2318 urium
938 2271 1165 2335 reperire
1214 2283 1322 2316 non
1372 2266 1623 2332 potuerit.

77 2348 264 2401 Allatis
314 2351 478 2419 igitur
524 2351 773 2419 exemplis
818 2371 847 2401 a
898 2354 1125 2410 Catone,
1183 2370 1213 2400 a
1265 2345 1545 2408 Gracchis,
1592 2339 1628 2398 'a

76 2434 286 2507 Laelio,
340 2452 369 2482 a
408 2435 686 2507 Scipione,
738 2437 933 2495 Galba,
973 2439 1225 2494 Porcina,
1267 2438 1482 2494 Crasso,
1521 2438 1625 2485 An·

77 2520 261 2577 tonio,
302 2521 620 2589 ceterisque;
658 2523 785 2572 item
818 2524 1006 2572 sumtis
1046 2522 1160 2572 aliis
1199 2539 1229 2570 a
1266 2524 1434 2589 poetis
1447 2550 1466 2580 ,·
1507 2519 1625 2569 aliis

77 2601 146 2652 *ab
205 2603 555 2653 historiarum
606 2606 981 2674 scriptoribus,
1047 2623 1255 2656 necesse
1301 2609 1431 2663 erit,
1483 2622 1620 2662 eum,

31 2698 39 2710 ”’
79 2690 174 2757 qui
231 2689 425 2747 discet,
490 2687 554 2738 ab
605 2691 849 2741 omnibus
895 2703 1081 2760 putare
1132 2693 1336 2750 omnia,
1401 2689 1466 2739 ab
1515 2705 1624 2738 uno

77 2789 244 2839 pauca
278 2776 366 2828 vix
401 2776 636 2842 potuisse
671 2779 824 2843 sumi.
901 2778 1105 2843 Quare,
1143 2778 1190 2828 si
1216 2779 1372 2829 unius
1401 2776 1622 2826 alicuius
1668 2831 1672 2840 ⁸
