1924 3224
391 0 435 53 “h

392 103 437 145 ,ᾗ

275 217 382 261 AD
431 213 923 259 HERENNIUM
980 214 1142 288 Lis.
1194 213 1282 258 11.
1340 226 1396 260 2.
1451 180 1506 272 εξ
1600 222 1667 280 53

105 379 466 448 potissimum'
491 364 901 425 consideremus
976 373 1054 426 .In
1106 392 1266 426 causa
1303 375 1664 437 coniecturali,

106 464 338 514 narratio
367 462 699 515 accusatoris,
715 461 1043 527 suspiciones.
1064 461 1362 510 interiectas
1389 473 1443 512 et
1470 463 1682 530 disper·

107 567 190 600 sas
231 547 426 599 habere
477 545 658 605 debet,
725 557 789 596 ut
824 543 960 596 nihil
997 557 1199 605 actum,
1263 545 1399 597 nihil
1446 548 1665 607 dictum,

106 651 373 704 nusquam
431 644 677 691 ventum,
770 643 865 682 aut
924 629 1156 689 abitum,
1243 631 1379 682 nihil
1432 632 1670 703 :denique

106 715 307 767 factum
355 718 467 766 sine
530 735 688 766 causa
737 729 967 784 putetur.
1067 713 1372 772 Defensoris
1435 721 1678 775 narratio:

107 802 396 870 simplicem
425 814 478 853 et
514 803 802 853 dilucidam
839 802 1222 868 expositionem
1265 801 1420 852 debet
1452 802 1667 863 habere,

107 906 229 938 cum
254 890 615 938 attenuatione
643 889 976 954 suspicionis.
1064 890 1232 937 Huius
1268 889 1670 939 constitutionis

104 975 244 1022 ratio
274 975 331 1022 in
369 990 456 1023 sex
481 984 657 1040 partes
688 984 768 1020 est
796 972 1111 1033 distributa3
1159 971 1464 1040 probabile,
1515 973 1668 1024 colla-

107 1062 338 1117 tionem,
407 1059 647 1128 signum‚
722 1070 1118 1126 argumentum,
1180 1060 1668 1127 consequutionem,

108 1143 560 1210 approbationem.
647 1144 849 1191 Horum
884 1143 1287 1213 unumquidque
1325 1143 1456 1212 quid
1483 1143 1678 1202 valeat,

107 1226 415 1295 apeifemuS.

213 1324 264 1371 5.
303 1315 386 1362 P1
401 1310 681 1363 obabile
719 1322 827 1371 est,
877 1328 971 1378 per
1007 1312 1154 1380 quod
1185 1311 1470 1379 probatui,
1524 1329 1670 1380 expe-

109 1398 248 1447 disse
301 1414 394 1447 reo
444 1414 687 1464 peccare,
757 1408 810 1446 et
848 1415 877 1445 a
927 1396 1091 1446 simili
1137 1398 1470 1464 turpitudine
1501 1397 1672 1448 homi-

109 1500 230 1532 nem
265 1501 539 1552 nunquam
577 1479 824 1532 abfuisse.
913 1482 975 1531 Id
1012 1482 1271 1532 dividitur
1298 1484 1354 1531 in
1379 1500 1591 1533 causam
1621 1496 1676 1533 et

108 1569 167 1617 in
205 1568 385 1619 vitam.
461 1570 677 1618 Causa
716 1578 796 1615 est
826 1583 916 1624 ea,
957 1584 1092 1635 quae
1120 1567 1328 1641 induigit
1368 1567 1436 1617 ad
1473 1566 1674 1617 malefi-

112 1655 282 1710 cium,
333 1652 733 1702 commodorum
760 1668 882 1718 spe,
932 1663 1023 1700 aut
1057 1652 1520 1702 incommodorum
1544 1655 1674 1721 vita·

110 1740 286 1787 tione:
338 1749 400 1786 ut
432 1755 598 1806 quum
639 1737 946 1805 quaeritur,
991 1754 1119 1784 num
1156 1737 1302 1805 quod
1336 1737 1675 1788 commodum

110 1819 378 1872 maleficio
405 1823 701 1888 appetierit,
741 1838 868 1870 num
892 1819 1179 1878 honorem,
1219 1841 1346 1871 num
1376 1826 1672 1890 pecuniam,

113 1926 241 1957 num
267 1907 713 1966 dominationem;
753 1924 880 1954 num
904 1905 1135 1975 aliquam
1160 1907 1503 1974 cupiditatem
1531 1927 1672 1959 amo-

113 2096 243 2126 num
270 2076 418 2146 quod
458 2077 855 2126 incommodum
890 2077 1101 2134 vitarit,
1152 2078 1487 2138 inimicitias,
1538 2077 1672 2128 infa-

115 2163 306 2220 miam,
347 2161 617 2219 dolorem,
657 2161 991 2229 supplicium.
1075 2163 1173 2211 Hic
1204 2175 1476 2213 accusator
1500 2165 1558 2212 in
1583 2180 1674 2230 spe

118 2246 388 2296 commodi
438 2247 783 2313 cupiditatem
827 2247 1145 2306 adversarii,
1207 2249 1264 2295 in
1308 2249 1563 2299 vitatione
1596 2249 1672 2296 i'n·

118 2331 387 2381 commodi
422 2316 761 2382 formidinem
801 2330 1044 2402 augebit3
1097 2329 1342 2381 defensor
1376 2344 1551 2381 autem
1587 2351 1672 2383 ne-

118 2415 269 2487 gabit
300 2413 466 2465 fuisse
505 2433 748 2475 causam,
797 2419 843 2466 si
861 2418 1090 2483 poterit,
1143 2430 1235 2467 aut
1263 2416 1376 2466 eain
1401 2415 1671 2468 vehemen-

119 2512 199 2549 ter
225 2499 557 2561 extenuabit;
609 2501 796 2551 deinde
833 2504 1076 2571 iniquum
1117 2519 1227 2551 esse
1255 2503 1421 2562 dicet,
1472 2520 1670 2562 omnes,

121 2586 190 2635 ad
215 2602 350 2654 quos
390 2585 594 2655 aliquid
619 2587 961 2636 emolumenti
989 2605 1049 2636 ex
1075 2584 1251 2655 aliqua
1278 2604 1334 2636 re
1359 2590 1671 2654 pervenerit,

121 2671 177 2719 in
227 2673 584 2738 suspicionem
622 2669 871 2721 maleficii
923 2672 1184 2721 devocari.
1289 2672 1490 2723 Deinde
1531 2675 1673 2723 vita

121 2753 355 2805 hominis
385 2774 444 2806 ex
475 2769 593 2806 ante
617 2754 771 2807 factis
796 2755 1136 2824 spectabitur.
1220 2759 1281 2807 In
1307 2774 1415 2828 quo
1444 2760 1673 2825 primum

198 2849 285 2886 Cic.
310 2849 491 2888 Rlcecor.
538 2849 627 2887 Vol.
657 2851 692 2887 I.
1572 2854 1604 2899 5
