<?xml version="1.0" encoding="UTF-8"?>
<!DOCTYPE html PUBLIC "-//W3C//DTD XHTML 1.0 Transitional//EN"
    "http://www.w3.org/TR/xhtml1/DTD/xhtml1-transitional.dtd">
<html xmlns="http://www.w3.org/1999/xhtml" xml:lang="en" lang="en">
 <head>
  <title>
</title>
<meta http-equiv="Content-Type" content="text/html;charset=utf-8" />
  <meta name='ocr-system' content='tesseract 3.04.00' />
  <meta name='ocr-capabilities' content='ocr_page ocr_carea ocr_par ocr_line ocrx_word'/>
</head>
<body>
  <div class='ocr_page' id='page_1' title='image "./p1selectedworkso01ciceuoft_0079.png"; bbox 0 0 1924 3224; ppageno 0'>
   <div class='ocr_carea' id='block_1_1' title="bbox 313 212 1713 277">
    <p class='ocr_par' dir='ltr' id='par_1_1' title="bbox 313 212 1713 277">
     <span class='ocr_line' id='line_1_1' title="bbox 313 212 1713 277; baseline -0.003 -14"><span class='ocrx_word' id='word_1_1' title='bbox 313 217 418 277; x_wconf 60' lang='lat' dir='ltr'><strong>An</strong></span> <span class='ocrx_word' id='word_1_2' title='bbox 469 212 966 262; x_wconf 76' lang='lat' dir='ltr'>HERENNIUM</span> <span class='ocrx_word' id='word_1_3' title='bbox 1024 213 1185 260; x_wconf 74' lang='lat' dir='ltr'><strong>Lm.</strong></span> <span class='ocrx_word' id='word_1_4' title='bbox 1239 215 1290 258; x_wconf 90' lang='lat'><strong>1.</strong></span> <span class='ocrx_word' id='word_1_5' title='bbox 1343 225 1395 270; x_wconf 89' lang='lat'><strong>7.</strong></span> <span class='ocrx_word' id='word_1_6' title='bbox 1451 219 1507 269; x_wconf 85' lang='lat'><strong>8·</strong></span> <span class='ocrx_word' id='word_1_7' title='bbox 1649 220 1713 270; x_wconf 71' lang='lat'><strong>15</strong></span> 
     </span>
    </p>
   </div>
   <div class='ocr_carea' id='block_1_2' title="bbox 146 376 1712 533">
    <p class='ocr_par' dir='ltr' id='par_1_2' title="bbox 146 376 1712 533">
     <span class='ocr_line' id='line_1_2' title="bbox 146 376 1712 434; baseline -0.004 0"><span class='ocrx_word' id='word_1_8' title='bbox 146 392 357 434; x_wconf 81' lang='lat' dir='ltr'><strong>tentum</strong></span> <span class='ocrx_word' id='word_1_9' title='bbox 395 376 528 430; x_wconf 82' lang='lat' dir='ltr'><strong>facit</strong></span> <span class='ocrx_word' id='word_1_10' title='bbox 565 379 879 429; x_wconf 84' lang='lat' dir='ltr'><strong>auditorem.</strong></span> <span class='ocrx_word' id='word_1_11' title='bbox 967 377 1046 425; x_wconf 92' lang='lat' dir='ltr'><strong>De</strong></span> <span class='ocrx_word' id='word_1_12' title='bbox 1085 377 1301 428; x_wconf 84' lang='lat' dir='ltr'><strong>exordio</strong></span> <span class='ocrx_word' id='word_1_13' title='bbox 1339 379 1468 428; x_wconf 89' lang='lat' dir='ltr'><strong>satis</strong></span> <span class='ocrx_word' id='word_1_14' title='bbox 1508 379 1712 430; x_wconf 86' lang='lat' dir='ltr'><strong>dictum</strong></span> 
     </span>
     <span class='ocr_line' id='line_1_3' title="bbox 146 464 1398 533; baseline -0.004 -15"><span class='ocrx_word' id='word_1_15' title='bbox 146 479 256 529; x_wconf 83' lang='lat' dir='ltr'><strong>est;</strong></span> <span class='ocrx_word' id='word_1_16' title='bbox 298 468 544 533; x_wconf 83' lang='lat' dir='ltr'><strong>deinceps</strong></span> <span class='ocrx_word' id='word_1_17' title='bbox 573 465 641 515; x_wconf 87' lang='lat' dir='ltr'><strong>ad</strong></span> <span class='ocrx_word' id='word_1_18' title='bbox 668 464 1026 512; x_wconf 82' lang='lat' dir='ltr'><strong>narrationem</strong></span> <span class='ocrx_word' id='word_1_19' title='bbox 1055 472 1398 513; x_wconf 68' lang='lat' dir='ltr'><strong>transeamus.</strong></span> 
     </span>
    </p>
   </div>
   <div class='ocr_carea' id='block_1_3' title="bbox 255 549 1740 620">
    <p class='ocr_par' dir='ltr' id='par_1_3' title="bbox 255 549 1740 620">
     <span class='ocr_line' id='line_1_4' title="bbox 255 549 1740 620; baseline 0.001 -20"><span class='ocrx_word' id='word_1_20' title='bbox 255 564 306 613; x_wconf 77' lang='grc'><strong>8.</strong></span> <span class='ocrx_word' id='word_1_21' title='bbox 345 553 393 601; x_wconf 84' lang='grc' dir='ltr'><strong>Ν</strong></span> <span class='ocrx_word' id='word_1_22' title='bbox 409 569 435 599; x_wconf 89' lang='lat' dir='ltr'><strong>a</strong></span> <span class='ocrx_word' id='word_1_23' title='bbox 453 569 480 599; x_wconf 90' lang='lat' dir='ltr'><strong>r</strong></span> <span class='ocrx_word' id='word_1_24' title='bbox 492 569 519 599; x_wconf 87' lang='lat' dir='ltr'><strong>r</strong></span> <span class='ocrx_word' id='word_1_25' title='bbox 533 568 561 598; x_wconf 90' lang='lat' dir='ltr'><strong>a</strong></span> <span class='ocrx_word' id='word_1_26' title='bbox 577 552 679 599; x_wconf 89' lang='lat' dir='ltr'><strong>tio</strong></span> <span class='ocrx_word' id='word_1_27' title='bbox 694 569 728 598; x_wconf 90' lang='lat' dir='ltr'><strong>n</strong></span> <span class='ocrx_word' id='word_1_28' title='bbox 744 563 778 597; x_wconf 87' lang='lat' dir='ltr'><strong>u</strong></span> <span class='ocrx_word' id='word_1_29' title='bbox 792 567 844 597; x_wconf 89' lang='lat' dir='ltr'><strong>m</strong></span> <span class='ocrx_word' id='word_1_30' title='bbox 870 549 973 597; x_wconf 91' lang='lat' dir='ltr'><strong>tria</strong></span> <span class='ocrx_word' id='word_1_31' title='bbox 999 559 1122 597; x_wconf 84' lang='lat' dir='ltr'><strong>sunt</strong></span> <span class='ocrx_word' id='word_1_32' title='bbox 1150 566 1355 620; x_wconf 86' lang='lat' dir='ltr'><strong>genera.</strong></span> <span class='ocrx_word' id='word_1_33' title='bbox 1411 551 1589 600; x_wconf 88' lang='lat' dir='ltr'><strong>Unum</strong></span> <span class='ocrx_word' id='word_1_34' title='bbox 1618 564 1715 611; x_wconf 86' lang='lat' dir='ltr'><strong>est,</strong></span> <span class='ocrx_word' id='word_1_35' title='bbox 1737 562 1740 567; x_wconf 87' lang='lat'>&#39;</span> 
     </span>
    </p>
   </div>
   <div class='ocr_carea' id='block_1_4' title="bbox 147 633 1732 2924">
    <p class='ocr_par' dir='ltr' id='par_1_4' title="bbox 147 633 1732 2924">
     <span class='ocr_line' id='line_1_5' title="bbox 148 633 1716 708; baseline 0.001 -22"><span class='ocrx_word' id='word_1_36' title='bbox 148 655 315 708; x_wconf 87' lang='lat' dir='ltr'><strong>quum</strong></span> <span class='ocrx_word' id='word_1_37' title='bbox 370 636 679 704; x_wconf 85' lang='lat' dir='ltr'>exponimus</span> <span class='ocrx_word' id='word_1_38' title='bbox 731 652 841 683; x_wconf 88' lang='lat' dir='ltr'><strong>rem</strong></span> <span class='ocrx_word' id='word_1_39' title='bbox 889 645 1119 704; x_wconf 83' lang='lat' dir='ltr'><strong>gestam,</strong></span> <span class='ocrx_word' id='word_1_40' title='bbox 1192 646 1242 684; x_wconf 89' lang='lat' dir='ltr'><strong>et</strong></span> <span class='ocrx_word' id='word_1_41' title='bbox 1292 633 1716 707; x_wconf 81' lang='lat' dir='ltr'><strong>unumquodque</strong></span> 
     </span>
     <span class='ocr_line' id='line_1_6' title="bbox 147 719 1715 784; baseline 0 -12"><span class='ocrx_word' id='word_1_42' title='bbox 147 720 412 773; x_wconf 84' lang='lat' dir='ltr'>trahimus</span> <span class='ocrx_word' id='word_1_43' title='bbox 468 721 530 770; x_wconf 85' lang='lat' dir='ltr'><strong>ad</strong></span> <span class='ocrx_word' id='word_1_44' title='bbox 584 719 868 769; x_wconf 83' lang='lat' dir='ltr'><strong>utilitatem</strong></span> <span class='ocrx_word' id='word_1_45' title='bbox 921 731 1185 778; x_wconf 86' lang='lat' dir='ltr'><strong>nostram,</strong></span> <span class='ocrx_word' id='word_1_46' title='bbox 1236 722 1483 773; x_wconf 80' lang='lat' dir='ltr'><strong>vincendi</strong></span> <span class='ocrx_word' id='word_1_47' title='bbox 1526 740 1715 784; x_wconf 84' lang='lat' dir='ltr'><strong>causa3</strong></span> 
     </span>
     <span class='ocr_line' id='line_1_7' title="bbox 149 805 1717 878; baseline 0.001 -21"><span class='ocrx_word' id='word_1_48' title='bbox 149 808 298 878; x_wconf 87' lang='lat' dir='ltr'><strong>quod</strong></span> <span class='ocrx_word' id='word_1_49' title='bbox 334 824 496 878; x_wconf 87' lang='lat' dir='ltr'><strong>genus</strong></span> <span class='ocrx_word' id='word_1_50' title='bbox 536 808 763 873; x_wconf 84' lang='lat' dir='ltr'><strong>pertinet</strong></span> <span class='ocrx_word' id='word_1_51' title='bbox 805 805 871 856; x_wconf 87' lang='lat' dir='ltr'><strong>ad</strong></span> <span class='ocrx_word' id='word_1_52' title='bbox 909 822 995 854; x_wconf 85' lang='lat' dir='ltr'><strong>eas</strong></span> <span class='ocrx_word' id='word_1_53' title='bbox 1035 823 1247 863; x_wconf 78' lang='lat' dir='ltr'><strong>causas,</strong></span> <span class='ocrx_word' id='word_1_54' title='bbox 1305 808 1368 856; x_wconf 88' lang='lat' dir='ltr'><strong>de</strong></span> <span class='ocrx_word' id='word_1_55' title='bbox 1406 806 1601 876; x_wconf 83' lang='lat' dir='ltr'><strong>quibus</strong></span> <span class='ocrx_word' id='word_1_56' title='bbox 1638 810 1717 858; x_wconf 83' lang='lat' dir='ltr'><strong>iu-</strong></span> 
     </span>
     <span class='ocr_line' id='line_1_8' title="bbox 150 887 1718 963; baseline 0 -20"><span class='ocrx_word' id='word_1_57' title='bbox 150 887 367 943; x_wconf 60' lang='lat' dir='ltr'><strong>dicium&#39;</strong></span> <span class='ocrx_word' id='word_1_58' title='bbox 390 890 630 941; x_wconf 83' lang='lat' dir='ltr'><strong>futurum</strong></span> <span class='ocrx_word' id='word_1_59' title='bbox 667 902 762 941; x_wconf 85' lang='lat' dir='ltr'><strong>est.</strong></span> <span class='ocrx_word' id='word_1_60' title='bbox 835 890 1074 940; x_wconf 89' lang='lat' dir='ltr'><strong>Alterum</strong></span> <span class='ocrx_word' id='word_1_61' title='bbox 1104 909 1267 963; x_wconf 86' lang='lat' dir='ltr'><strong>genus</strong></span> <span class='ocrx_word' id='word_1_62' title='bbox 1308 904 1413 949; x_wconf 82' lang='lat' dir='ltr'><strong>est,</strong></span> <span class='ocrx_word' id='word_1_63' title='bbox 1456 894 1602 961; x_wconf 83' lang='lat' dir='ltr'><strong>quod</strong></span> <span class='ocrx_word' id='word_1_64' title='bbox 1641 895 1718 942; x_wconf 84' lang='lat' dir='ltr'><strong>in·</strong></span> 
     </span>
     <span class='ocr_line' id='line_1_9' title="bbox 149 975 1720 1045; baseline 0.001 -18"><span class='ocrx_word' id='word_1_65' title='bbox 149 979 397 1027; x_wconf 80' lang='lat' dir='ltr'><strong>tei-currit</strong></span> <span class='ocrx_word' id='word_1_66' title='bbox 422 993 805 1045; x_wconf 86' lang='lat' dir='ltr'><strong>nonnunquam</strong></span> <span class='ocrx_word' id='word_1_67' title='bbox 834 975 994 1034; x_wconf 80' lang='lat' dir='ltr'><strong>fidei,</strong></span> <span class='ocrx_word' id='word_1_68' title='bbox 1053 988 1143 1025; x_wconf 85' lang='lat' dir='ltr'><strong>aut</strong></span> <span class='ocrx_word' id='word_1_69' title='bbox 1170 978 1555 1027; x_wconf 81' lang='lat' dir='ltr'><strong>criminationis</strong></span> <span class='ocrx_word' id='word_1_70' title='bbox 1572 1012 1587 1035; x_wconf 90' lang='lat'><strong><em>‚</em></strong></span> <span class='ocrx_word' id='word_1_71' title='bbox 1629 990 1720 1029; x_wconf 83' lang='lat' dir='ltr'><strong>aut</strong></span> 
     </span>
     <span class='ocr_line' id='line_1_10' title="bbox 149 1049 1718 1129; baseline 0 -15"><span class='ocrx_word' id='word_1_72' title='bbox 149 1049 517 1120; x_wconf 81' lang='lat' dir='ltr'><strong>transitionis,</strong></span> <span class='ocrx_word' id='word_1_73' title='bbox 558 1073 649 1110; x_wconf 86' lang='lat' dir='ltr'><strong>aut</strong></span> <span class='ocrx_word' id='word_1_74' title='bbox 675 1060 897 1110; x_wconf 83' lang='lat' dir='ltr'><strong>alicuius</strong></span> <span class='ocrx_word' id='word_1_75' title='bbox 923 1064 1279 1129; x_wconf 81' lang='lat' dir='ltr'><strong>apparationis</strong></span> <span class='ocrx_word' id='word_1_76' title='bbox 1295 1097 1309 1118; x_wconf 94' lang='lat'><em>‚</em></span> <span class='ocrx_word' id='word_1_77' title='bbox 1352 1062 1435 1111; x_wconf 89' lang='lat' dir='ltr'><strong>vel</strong></span> <span class='ocrx_word' id='word_1_78' title='bbox 1459 1056 1718 1114; x_wconf 83' lang='lat' dir='ltr'><strong>laudatio·</strong></span> 
     </span>
     <span class='ocr_line' id='line_1_11' title="bbox 151 1145 1722 1218; baseline -0.001 -20"><span class='ocrx_word' id='word_1_79' title='bbox 151 1152 234 1199; x_wconf 88' lang='lat' dir='ltr'><strong>nis</strong></span> <span class='ocrx_word' id='word_1_80' title='bbox 277 1165 450 1198; x_wconf 83' lang='lat' dir='ltr'><strong>causa.</strong></span> <span class='ocrx_word' id='word_1_81' title='bbox 553 1148 791 1195; x_wconf 86' lang='lat' dir='ltr'><strong>Tertium</strong></span> <span class='ocrx_word' id='word_1_82' title='bbox 844 1164 1004 1218; x_wconf 84' lang='lat' dir='ltr'><strong>genus</strong></span> <span class='ocrx_word' id='word_1_83' title='bbox 1044 1157 1121 1196; x_wconf 87' lang='lat' dir='ltr'><strong>est</strong></span> <span class='ocrx_word' id='word_1_84' title='bbox 1159 1145 1245 1204; x_wconf 87' lang='lat' dir='ltr'><strong>id,</strong></span> <span class='ocrx_word' id='word_1_85' title='bbox 1307 1147 1453 1215; x_wconf 84' lang='lat' dir='ltr'><strong>quod</strong></span> <span class='ocrx_word' id='word_1_86' title='bbox 1496 1164 1521 1195; x_wconf 89' lang='lat' dir='ltr'><strong>a</strong></span> <span class='ocrx_word' id='word_1_87' title='bbox 1563 1160 1722 1197; x_wconf 82' lang='lat' dir='ltr'><strong>causa</strong></span> 
     </span>
     <span class='ocr_line' id='line_1_12' title="bbox 151 1233 1720 1301; baseline -0.001 -17"><span class='ocrx_word' id='word_1_88' title='bbox 151 1233 298 1285; x_wconf 85' lang='lat' dir='ltr'><strong>civili</strong></span> <span class='ocrx_word' id='word_1_89' title='bbox 335 1242 597 1282; x_wconf 81' lang='lat' dir='ltr'><strong>remotum</strong></span> <span class='ocrx_word' id='word_1_90' title='bbox 635 1243 743 1292; x_wconf 90' lang='lat' dir='ltr'><strong>est;</strong></span> <span class='ocrx_word' id='word_1_91' title='bbox 808 1233 864 1280; x_wconf 90' lang='lat' dir='ltr'><strong>in</strong></span> <span class='ocrx_word' id='word_1_92' title='bbox 899 1249 1007 1301; x_wconf 83' lang='lat' dir='ltr'><strong>quo</strong></span> <span class='ocrx_word' id='word_1_93' title='bbox 1048 1242 1224 1280; x_wconf 85' lang='lat' dir='ltr'><strong>tamen</strong></span> <span class='ocrx_word' id='word_1_94' title='bbox 1264 1234 1489 1281; x_wconf 83' lang='lat' dir='ltr'><strong>exerceri</strong></span> <span class='ocrx_word' id='word_1_95' title='bbox 1532 1249 1720 1284; x_wconf 87' lang='lat' dir='ltr'><strong>conve-</strong></span> 
     </span>
     <span class='ocr_line' id='line_1_13' title="bbox 151 1316 1721 1388; baseline 0 -20"><span class='ocrx_word' id='word_1_96' title='bbox 151 1321 263 1377; x_wconf 86' lang='lat' dir='ltr'><strong>nit,</strong></span> <span class='ocrx_word' id='word_1_97' title='bbox 316 1335 424 1388; x_wconf 88' lang='lat' dir='ltr'><strong>quo</strong></span> <span class='ocrx_word' id='word_1_98' title='bbox 451 1318 784 1367; x_wconf 78' lang='lat' dir='ltr'><strong>commodius</strong></span> <span class='ocrx_word' id='word_1_99' title='bbox 824 1316 940 1365; x_wconf 89' lang='lat' dir='ltr'><strong>illas</strong></span> <span class='ocrx_word' id='word_1_100' title='bbox 970 1319 1267 1383; x_wconf 84' lang='lat' dir='ltr'><strong>superiores</strong></span> <span class='ocrx_word' id='word_1_101' title='bbox 1295 1320 1624 1367; x_wconf 84' lang='lat' dir='ltr'><strong>narrationes</strong></span> <span class='ocrx_word' id='word_1_102' title='bbox 1663 1321 1721 1368; x_wconf 89' lang='lat' dir='ltr'><strong>in</strong></span> 
     </span>
     <span class='ocr_line' id='line_1_14' title="bbox 154 1403 1724 1470; baseline -0.001 -16"><span class='ocrx_word' id='word_1_103' title='bbox 154 1407 328 1454; x_wconf 85' lang='lat' dir='ltr'><strong>causis</strong></span> <span class='ocrx_word' id='word_1_104' title='bbox 354 1415 579 1453; x_wconf 82' lang='lat' dir='ltr'><strong>tractare</strong></span> <span class='ocrx_word' id='word_1_105' title='bbox 604 1405 890 1470; x_wconf 56' lang='lat' dir='ltr'><strong>possimus,</strong></span> <span class='ocrx_word' id='word_1_106' title='bbox 956 1404 1085 1452; x_wconf 85' lang='lat' dir='ltr'><strong>Eius</strong></span> <span class='ocrx_word' id='word_1_107' title='bbox 1114 1404 1434 1452; x_wconf 86' lang='lat' dir='ltr'><strong>narr-ationis</strong></span> <span class='ocrx_word' id='word_1_108' title='bbox 1460 1403 1567 1454; x_wconf 90' lang='lat' dir='ltr'><strong>duo</strong></span> <span class='ocrx_word' id='word_1_109' title='bbox 1596 1416 1724 1453; x_wconf 83' lang='lat' dir='ltr'><strong>sunt</strong></span> 
     </span>
     <span class='ocr_line' id='line_1_15' title="bbox 156 1474 1724 1562; baseline 0 -23"><span class='ocrx_word' id='word_1_110' title='bbox 156 1505 376 1562; x_wconf 81' lang='lat' dir='ltr'><strong>genera:</strong></span> <span class='ocrx_word' id='word_1_111' title='bbox 439 1474 631 1545; x_wconf 87' lang='lat' dir='ltr'><strong>unum,</strong></span> <span class='ocrx_word' id='word_1_112' title='bbox 687 1488 835 1557; x_wconf 84' lang='lat' dir='ltr'><strong>quod</strong></span> <span class='ocrx_word' id='word_1_113' title='bbox 877 1490 933 1536; x_wconf 92' lang='lat' dir='ltr'><strong>in</strong></span> <span class='ocrx_word' id='word_1_114' title='bbox 973 1490 1232 1559; x_wconf 84' lang='lat' dir='ltr'><strong>negotiis;</strong></span> <span class='ocrx_word' id='word_1_115' title='bbox 1283 1487 1533 1547; x_wconf 81' lang='lat' dir='ltr'><strong>alterum,</strong></span> <span class='ocrx_word' id='word_1_116' title='bbox 1575 1488 1724 1557; x_wconf 84' lang='lat' dir='ltr'><strong>quod</strong></span> 
     </span>
     <span class='ocr_line' id='line_1_16' title="bbox 154 1573 1723 1642; baseline -0.001 -18"><span class='ocrx_word' id='word_1_117' title='bbox 154 1577 212 1624; x_wconf 90' lang='lat' dir='ltr'><strong>in</strong></span> <span class='ocrx_word' id='word_1_118' title='bbox 251 1576 489 1642; x_wconf 87' lang='lat' dir='ltr'><strong>personis</strong></span> <span class='ocrx_word' id='word_1_119' title='bbox 529 1576 762 1641; x_wconf 88' lang='lat' dir='ltr'><strong>positum</strong></span> <span class='ocrx_word' id='word_1_120' title='bbox 801 1584 894 1622; x_wconf 87' lang='lat' dir='ltr'><strong>est.</strong></span> <span class='ocrx_word' id='word_1_121' title='bbox 987 1574 1077 1632; x_wconf 79' lang='lat' dir='ltr'><strong>ld,</strong></span> <span class='ocrx_word' id='word_1_122' title='bbox 1134 1573 1277 1642; x_wconf 83' lang='lat' dir='ltr'><strong>quod</strong></span> <span class='ocrx_word' id='word_1_123' title='bbox 1311 1575 1365 1620; x_wconf 83' lang='lat' dir='ltr'><strong>in</strong></span> <span class='ocrx_word' id='word_1_124' title='bbox 1404 1575 1723 1642; x_wconf 80' lang='lat' dir='ltr'><strong>negotio-</strong></span> 
     </span>
     <span class='ocr_line' id='line_1_17' title="bbox 155 1658 1720 1727; baseline -0.001 -17"><span class='ocrx_word' id='word_1_125' title='bbox 155 1678 298 1710; x_wconf 88' lang='lat' dir='ltr'><strong>rum</strong></span> <span class='ocrx_word' id='word_1_126' title='bbox 350 1661 680 1726; x_wconf 79' lang='lat' dir='ltr'><strong>expositione</strong></span> <span class='ocrx_word' id='word_1_127' title='bbox 730 1660 965 1724; x_wconf 86' lang='lat' dir='ltr'><strong>positum</strong></span> <span class='ocrx_word' id='word_1_128' title='bbox 1006 1669 1112 1717; x_wconf 89' lang='lat' dir='ltr'><strong>est,</strong></span> <span class='ocrx_word' id='word_1_129' title='bbox 1188 1670 1292 1707; x_wconf 89' lang='lat' dir='ltr'><strong>tres</strong></span> <span class='ocrx_word' id='word_1_130' title='bbox 1329 1658 1490 1708; x_wconf 83' lang='lat' dir='ltr'><strong>hahet</strong></span> <span class='ocrx_word' id='word_1_131' title='bbox 1527 1672 1720 1727; x_wconf 85' lang='lat' dir='ltr'><strong>partes,</strong></span> 
     </span>
     <span class='ocr_line' id='line_1_18' title="bbox 156 1743 1722 1813; baseline -0.001 -18"><span class='ocrx_word' id='word_1_132' title='bbox 156 1744 424 1803; x_wconf 80' lang='lat' dir='ltr'><strong>fabulam,</strong></span> <span class='ocrx_word' id='word_1_133' title='bbox 486 1744 796 1800; x_wconf 80' lang='lat' dir='ltr'><strong>historiam,</strong></span> <span class='ocrx_word' id='word_1_134' title='bbox 859 1754 1244 1813; x_wconf 77' lang='lat' dir='ltr'><strong>argumentum.</strong></span> <span class='ocrx_word' id='word_1_135' title='bbox 1328 1743 1583 1793; x_wconf 80' lang='lat' dir='ltr'><strong>Fabula</strong></span> <span class='ocrx_word' id='word_1_136' title='bbox 1625 1756 1722 1804; x_wconf 85' lang='lat' dir='ltr'><strong>est,</strong></span> 
     </span>
     <span class='ocr_line' id='line_1_19' title="bbox 156 1828 1722 1902; baseline -0.001 -21"><span class='ocrx_word' id='word_1_137' title='bbox 156 1849 292 1902; x_wconf 83' lang='lat' dir='ltr'><strong>quae</strong></span> <span class='ocrx_word' id='word_1_138' title='bbox 331 1847 502 1899; x_wconf 80' lang='lat' dir='ltr'><strong>neque</strong></span> <span class='ocrx_word' id='word_1_139' title='bbox 544 1847 721 1887; x_wconf 83' lang='lat' dir='ltr'><strong>veras,</strong></span> <span class='ocrx_word' id='word_1_140' title='bbox 788 1846 958 1898; x_wconf 85' lang='lat' dir='ltr'><strong>neque</strong></span> <span class='ocrx_word' id='word_1_141' title='bbox 994 1828 1305 1880; x_wconf 79' lang='lat' dir='ltr'><strong>verisimiles</strong></span> <span class='ocrx_word' id='word_1_142' title='bbox 1347 1831 1582 1880; x_wconf 87' lang='lat' dir='ltr'><strong>continet</strong></span> <span class='ocrx_word' id='word_1_143' title='bbox 1620 1847 1722 1887; x_wconf 88' lang='lat' dir='ltr'><strong>res,</strong></span> 
     </span>
     <span class='ocr_line' id='line_1_20' title="bbox 157 1914 1724 1984; baseline 0 -17"><span class='ocrx_word' id='word_1_144' title='bbox 157 1929 217 1967; x_wconf 88' lang='lat' dir='ltr'><strong>ut</strong></span> <span class='ocrx_word' id='word_1_145' title='bbox 266 1916 394 1974; x_wconf 82' lang='lat' dir='ltr'><strong>hae,</strong></span> <span class='ocrx_word' id='word_1_146' title='bbox 455 1932 591 1984; x_wconf 89' lang='lat' dir='ltr'><strong>quae</strong></span> <span class='ocrx_word' id='word_1_147' title='bbox 641 1914 926 1984; x_wconf 88' lang='lat' dir='ltr'><strong>tragoediis</strong></span> <span class='ocrx_word' id='word_1_148' title='bbox 974 1916 1198 1964; x_wconf 82' lang='lat' dir='ltr'><strong>traditae</strong></span> <span class='ocrx_word' id='word_1_149' title='bbox 1250 1927 1387 1964; x_wconf 58' lang='lat' dir='ltr'><strong>sunt,</strong></span> <span class='ocrx_word' id='word_1_150' title='bbox 1489 1917 1724 1967; x_wconf 86' lang='lat' dir='ltr'><strong>Histo—</strong></span> 
     </span>
     <span class='ocr_line' id='line_1_21' title="bbox 158 1998 1724 2071; baseline -0.001 -18"><span class='ocrx_word' id='word_1_151' title='bbox 158 2006 261 2054; x_wconf 84' lang='lat' dir='ltr'><strong>ria</strong></span> <span class='ocrx_word' id='word_1_152' title='bbox 311 2015 391 2052; x_wconf 89' lang='lat' dir='ltr'><strong>est</strong></span> <span class='ocrx_word' id='word_1_153' title='bbox 437 2019 519 2051; x_wconf 84' lang='lat' dir='ltr'><strong>res</strong></span> <span class='ocrx_word' id='word_1_154' title='bbox 570 2012 745 2071; x_wconf 81' lang='lat' dir='ltr'><strong>gesta,</strong></span> <span class='ocrx_word' id='word_1_155' title='bbox 814 2001 906 2049; x_wconf 87' lang='lat' dir='ltr'><strong>sed</strong></span> <span class='ocrx_word' id='word_1_156' title='bbox 942 1998 1007 2049; x_wconf 87' lang='lat' dir='ltr'><strong>ab</strong></span> <span class='ocrx_word' id='word_1_157' title='bbox 1049 2002 1234 2049; x_wconf 86' lang='lat' dir='ltr'><strong>aetatis</strong></span> <span class='ocrx_word' id='word_1_158' title='bbox 1277 2013 1490 2051; x_wconf 85' lang='lat' dir='ltr'><strong>nostrae</strong></span> <span class='ocrx_word' id='word_1_159' title='bbox 1527 2019 1724 2053; x_wconf 86' lang='lat' dir='ltr'><strong>memo-</strong></span> 
     </span>
     <span class='ocr_line' id='line_1_22' title="bbox 160 2084 1726 2156; baseline -0.003 -17"><span class='ocrx_word' id='word_1_160' title='bbox 160 2093 241 2139; x_wconf 88' lang='lat' dir='ltr'><strong>ria</strong></span> <span class='ocrx_word' id='word_1_161' title='bbox 278 2101 498 2138; x_wconf 82' lang='lat' dir='ltr'><strong>remota.</strong></span> <span class='ocrx_word' id='word_1_162' title='bbox 596 2088 1091 2155; x_wconf 84' lang='lat' dir='ltr'><strong>Argumentum</strong></span> <span class='ocrx_word' id='word_1_163' title='bbox 1139 2098 1219 2136; x_wconf 87' lang='lat' dir='ltr'><strong>est</strong></span> <span class='ocrx_word' id='word_1_164' title='bbox 1256 2084 1384 2136; x_wconf 83' lang='lat' dir='ltr'><strong>ficta</strong></span> <span class='ocrx_word' id='word_1_165' title='bbox 1423 2104 1536 2145; x_wconf 82' lang='lat' dir='ltr'><strong>res,</strong></span> <span class='ocrx_word' id='word_1_166' title='bbox 1589 2104 1726 2156; x_wconf 88' lang='lat' dir='ltr'><strong>quae</strong></span> 
     </span>
     <span class='ocr_line' id='line_1_23' title="bbox 161 2171 1722 2241; baseline -0.001 -18"><span class='ocrx_word' id='word_1_167' title='bbox 161 2185 336 2223; x_wconf 86' lang='lat' dir='ltr'><strong>tamen</strong></span> <span class='ocrx_word' id='word_1_168' title='bbox 379 2171 500 2221; x_wconf 85' lang='lat' dir='ltr'><strong>fieri</strong></span> <span class='ocrx_word' id='word_1_169' title='bbox 533 2173 713 2238; x_wconf 85' lang='lat' dir='ltr'><strong>potuit</strong></span> <span class='ocrx_word' id='word_1_170' title='bbox 726 2188 741 2231; x_wconf 85' lang='lat'><em>3</em></span> <span class='ocrx_word' id='word_1_171' title='bbox 782 2171 927 2221; x_wconf 84' lang='lat' dir='ltr'><strong>velut</strong></span> <span class='ocrx_word' id='word_1_172' title='bbox 968 2183 1273 2241; x_wconf 85' lang='lat' dir='ltr'><strong>argumenta</strong></span> <span class='ocrx_word' id='word_1_173' title='bbox 1312 2172 1722 2222; x_wconf 85' lang='lat' dir='ltr'><strong>comoediarum.</strong></span> 
     </span>
     <span class='ocr_line' id='line_1_24' title="bbox 161 2257 1724 2328; baseline -0.001 -21"><span class='ocrx_word' id='word_1_174' title='bbox 161 2258 300 2308; x_wconf 84' lang='lat' dir='ltr'><strong>Illud</strong></span> <span class='ocrx_word' id='word_1_175' title='bbox 334 2274 499 2328; x_wconf 86' lang='lat' dir='ltr'><strong>genus</strong></span> <span class='ocrx_word' id='word_1_176' title='bbox 538 2259 883 2314; x_wconf 73' lang='lat' dir='ltr'><strong>narrationis,</strong></span> <span class='ocrx_word' id='word_1_177' title='bbox 953 2257 1098 2325; x_wconf 86' lang='lat' dir='ltr'><strong>quod</strong></span> <span class='ocrx_word' id='word_1_178' title='bbox 1133 2259 1188 2306; x_wconf 92' lang='lat' dir='ltr'><strong>in</strong></span> <span class='ocrx_word' id='word_1_179' title='bbox 1224 2259 1546 2324; x_wconf 88' lang='lat' dir='ltr'><strong>personis</strong></span> <span class='ocrx_word' id='word_1_180' title='bbox 1584 2258 1724 2323; x_wconf 88' lang='lat' dir='ltr'><strong>posi-</strong></span> 
     </span>
     <span class='ocr_line' id='line_1_25' title="bbox 163 2341 1725 2401; baseline -0.001 -9"><span class='ocrx_word' id='word_1_181' title='bbox 163 2354 279 2393; x_wconf 83' lang='lat' dir='ltr'><strong>tum</strong></span> <span class='ocrx_word' id='word_1_182' title='bbox 318 2355 428 2401; x_wconf 88' lang='lat' dir='ltr'><strong>est,-</strong></span> <span class='ocrx_word' id='word_1_183' title='bbox 483 2341 636 2391; x_wconf 87' lang='lat' dir='ltr'><strong>debet</strong></span> <span class='ocrx_word' id='word_1_184' title='bbox 675 2341 868 2391; x_wconf 86' lang='lat' dir='ltr'><strong>hahere</strong></span> <span class='ocrx_word' id='word_1_185' title='bbox 906 2344 1162 2391; x_wconf 89' lang='lat' dir='ltr'><strong>sermonis</strong></span> <span class='ocrx_word' id='word_1_186' title='bbox 1203 2341 1576 2398; x_wconf 80' lang='lat' dir='ltr'><strong>festivitatem,</strong></span> <span class='ocrx_word' id='word_1_187' title='bbox 1618 2343 1725 2390; x_wconf 87' lang='lat' dir='ltr'><strong>ani·</strong></span> 
     </span>
     <span class='ocr_line' id='line_1_26' title="bbox 165 2426 1725 2497; baseline -0.004 -16"><span class='ocrx_word' id='word_1_188' title='bbox 165 2446 379 2481; x_wconf 85' lang='lat' dir='ltr'><strong>morum</strong></span> <span class='ocrx_word' id='word_1_189' title='bbox 439 2427 956 2486; x_wconf 82' lang='lat' dir='ltr'><strong>dissimilitudinem,</strong></span> <span class='ocrx_word' id='word_1_190' title='bbox 1032 2429 1370 2497; x_wconf 76' lang='lat' dir='ltr'><strong>gravitatem,</strong></span> <span class='ocrx_word' id='word_1_191' title='bbox 1436 2426 1725 2486; x_wconf 81' lang='lat' dir='ltr'><strong>levitatem,</strong></span> 
     </span>
     <span class='ocr_line' id='line_1_27' title="bbox 167 2511 1728 2584; baseline -0.005 -18"><span class='ocrx_word' id='word_1_192' title='bbox 167 2533 342 2584; x_wconf 87' lang='lat' dir='ltr'><strong>spem,</strong></span> <span class='ocrx_word' id='word_1_193' title='bbox 383 2525 612 2570; x_wconf 82' lang='lat' dir='ltr'><strong>met-um,</strong></span> <span class='ocrx_word' id='word_1_194' title='bbox 653 2516 1036 2580; x_wconf 88' lang='lat' dir='ltr'><strong>suspicionem,</strong></span> <span class='ocrx_word' id='word_1_195' title='bbox 1078 2512 1427 2570; x_wconf 83' lang='lat' dir='ltr'><strong>desiderium,</strong></span> <span class='ocrx_word' id='word_1_196' title='bbox 1484 2511 1728 2561; x_wconf 83' lang='lat' dir='ltr'><strong>dissimu-</strong></span> 
     </span>
     <span class='ocr_line' id='line_1_28' title="bbox 163 2594 1728 2656; baseline -0.004 -6"><span class='ocrx_word' id='word_1_197' title='bbox 163 2599 449 2655; x_wconf 83' lang='lat' dir='ltr'><strong>lationem,</strong></span> <span class='ocrx_word' id='word_1_198' title='bbox 501 2600 947 2656; x_wconf 86' lang='lat' dir='ltr'><strong>misericordiam,</strong></span> <span class='ocrx_word' id='word_1_199' title='bbox 996 2616 1172 2647; x_wconf 88' lang='lat' dir='ltr'><strong>rerum</strong></span> <span class='ocrx_word' id='word_1_200' title='bbox 1200 2599 1507 2655; x_wconf 84' lang='lat' dir='ltr'><strong>varietates,</strong></span> <span class='ocrx_word' id='word_1_201' title='bbox 1560 2594 1728 2646; x_wconf 83' lang='lat' dir='ltr'><strong>fortu-</strong></span> 
     </span>
     <span class='ocr_line' id='line_1_29' title="bbox 164 2682 1729 2751; baseline -0.004 -16"><span class='ocrx_word' id='word_1_202' title='bbox 164 2702 266 2735; x_wconf 74' lang='lat' dir='ltr'><strong>nae</strong></span> <span class='ocrx_word' id='word_1_203' title='bbox 294 2686 792 2749; x_wconf 87' lang='lat' dir='ltr'><strong>commutationem,</strong></span> <span class='ocrx_word' id='word_1_204' title='bbox 835 2687 1156 2751; x_wconf 84' lang='lat' dir='ltr'><strong>insperatum</strong></span> <span class='ocrx_word' id='word_1_205' title='bbox 1180 2682 1604 2739; x_wconf 87' lang='lat' dir='ltr'><strong>incommodum,</strong></span> <span class='ocrx_word' id='word_1_206' title='bbox 1647 2699 1729 2729; x_wconf 86' lang='lat' dir='ltr'><strong>su·</strong></span> 
     </span>
     <span class='ocr_line' id='line_1_30' title="bbox 168 2769 1732 2827; baseline -0.004 -7"><span class='ocrx_word' id='word_1_207' title='bbox 168 2769 337 2820; x_wconf 84' lang='lat' dir='ltr'><strong>bitam</strong></span> <span class='ocrx_word' id='word_1_208' title='bbox 371 2770 655 2827; x_wconf 83' lang='lat' dir='ltr'><strong>laetitiam,</strong></span> <span class='ocrx_word' id='word_1_209' title='bbox 694 2771 984 2819; x_wconf 85' lang='lat' dir='ltr'><strong>iucundum</strong></span> <span class='ocrx_word' id='word_1_210' title='bbox 1023 2770 1220 2816; x_wconf 85' lang='lat' dir='ltr'><strong>exitum</strong></span> <span class='ocrx_word' id='word_1_211' title='bbox 1257 2785 1448 2817; x_wconf 84' lang='lat' dir='ltr'><strong>rerum.</strong></span> <span class='ocrx_word' id='word_1_212' title='bbox 1536 2769 1732 2819; x_wconf 89' lang='lat' dir='ltr'><strong>Verum</strong></span> 
     </span>
     <span class='ocr_line' id='line_1_31' title="bbox 169 2851 1730 2924; baseline -0.003 -19"><span class='ocrx_word' id='word_1_213' title='bbox 169 2852 300 2905; x_wconf 87' lang='lat' dir='ltr'><strong>haec</strong></span> <span class='ocrx_word' id='word_1_214' title='bbox 347 2858 407 2904; x_wconf 89' lang='lat' dir='ltr'><strong>in</strong></span> <span class='ocrx_word' id='word_1_215' title='bbox 454 2856 739 2907; x_wconf 81' lang='lat' dir='ltr'><strong>exercendo</strong></span> <span class='ocrx_word' id='word_1_216' title='bbox 777 2858 1150 2924; x_wconf 82' lang='lat' dir='ltr'><strong>transigentur.</strong></span> <span class='ocrx_word' id='word_1_217' title='bbox 1260 2851 1427 2910; x_wconf 89' lang='lat' dir='ltr'><strong>Illud,</strong></span> <span class='ocrx_word' id='word_1_218' title='bbox 1479 2853 1627 2920; x_wconf 86' lang='lat' dir='ltr'><strong>quod</strong></span> <span class='ocrx_word' id='word_1_219' title='bbox 1663 2851 1730 2900; x_wconf 85' lang='lat' dir='ltr'><strong>ad</strong></span> 
     </span>
    </p>
   </div>
  </div>
 </body>
</html>
