1878 3198
338 233 347 256 ι’
381 223 486 270 AD
543 216 1053 296 HERENNitJM
1111 225 1312 279 11.2..5.
1385 200 1387 202 ’
1572 220 1670 288 ‘51-

735 441 872 502 Cap.
931 443 993 485 ΙΙ.

168 558 287 617 Pag.
321 566 393 613 55.
447 572 496 603 v.
537 568 580 613 5.
655 554 888 601 habere
940 555 1128 600 debet
1186 579 1246 590 -
1303 555 1491 605 debet
1551 560 1654 606 ha-

83 639 229 687 bere
282 644 405 702 Aug.

166 710 274 788 Pag.
306 740 385 789 55.
417 742 566 775 v.10.
609 728 1097 817 unumquidque
1135 753 1194 763 —
1244 735 1650 794 unumquod-

84 831 196 875 que
235 813 346 861 Ald.

751 892 799 936 .ἳῆ

721 1002 858 1062 cap.
921 1005 1007 1047 111.
1090 1064 1093 1074 f

166 1103 274 1162 Pag.
307 1112 377 1162 55.
420 1117 468 1147 v.
502 1111 574 1158 15.
602 1079 862 1147 iuduxit
902 1127 960 1138 --
1009 1103 1129 1147 Cod.
1162 1102 1287 1148 Pith.
1320 1104 1424 1150 add.
1453 1121 1653 1152 reum.
1706 1152 1709 1154 .

44 1254 51 1261 ‚
132 1205 271 1263 J'ag.
312 1214 383 1257 55.
427 1219 475 1249 v.
521 1204 590 1249 16.
639 1215 708 1258 17.
771 1204 1105 1249 vitatione
1159 1227 1219 1241 —-
1282 1192 1652 1251 evi-tatione
1716 1208 1719 1209 ⁷

77 1287 185 1333 Ald.

161 1389 272 1448 Pag.
303 1400 373 1444 55.
414 1403 463 1433 v.
499 1394 566 1444 ¹8·
613 1387 974 1452 appetierit
1013 1413 1072 1424 —-
1112 1389 1499 1451 acquisierit
1537 1390 1649 1436 Ald.

161 1490 270 1562 Pag.
300 1500 370 1544 55.
411 1503 459 1534 v.
490 1501 565 1532 20.
621 1487 942 1533 libidinis
986 1514 1040 1524 —
1084 1491 1301 1535 Fortasse
1342 1491 1536 1551 scripsit
1576 1509 1655 1537 au-

30 1634 33 1643 Ι
78 1586 184 1617 ctor
223 1573 602 1629 libidinem.
675 1575 802 1619 Nam
844 1574 1170 1635 cupiditas
1211 1574 1532 1620 libidinis
1570 1592 1651 1621 ve·
1680 1563 1686 1570 ’

75 1675 183 1703 ιεοι·
213 1673 266 1703 ut
295 1658 395 1703 dici
422 1659 600 1720 possit,
658 1676 809 1721 quum
850 1659 1062 1705 libido
1093 1661 1197 1721 ipsa
1228 1661 1289 1705 sit
1317 1662 1388 1705 rei
1416 1677 1647 1707 venereae

77 1745 328 1803 cupiditas.

161 1848 268 1905 Pag.
308 1858 379 1901 55.
431 1844 479 1892 ir.
519 1858 592 1892 21.
643 1845 882 1906 vitarit
949 1870 1008 1880 -
1070 1846 1284 1891 vitare
1348 1847 1652 1893 voluerit

76 1932 198 1991 Aug.

159 2019 268 2076 Pag.
309 2027 378 2072 55.
443 2032 491 2060 v.
535 2028 605 2072 25.
679 2017 1108 2076 cupiditatem
1174 2017 1539 2063 adversarii
1591 2045 1649 2054 —-

74 2101 264 2162 Vulgo:
310 2101 736 2162 cupiditatem
776 2104 1075 2149 ostendet
1116 2105 1494 2148 adversarii.
1557 2106 1649 2149 Sed

75 2189 172 2231 iam
203 2189 434 2232 Gruterus
467 2187 614 2232 deleri
643 2188 837 2237 volebat
877 2189 1199 2239 ostendet,
1244 2190 1324 2233 cui
1354 2191 1647 2251 obsequutus

75 2289 208 2324 sum,
243 2274 354 2333 quia
378 2273 460 2317 hic
484 2289 583 2317 non
613 2286 710 2318 tam
740 2276 899 2335 agitur
928 2275 984 2320 de
1010 2275 1375 2319 demonstranda
1403 2292 1471 2326 re,
1504 2293 1648 2335 quam

75 2358 132 2402 de
163 2359 375 2419 augenda
407 2372 453 2403 et
482 2359 842 2420 amplificanda,
892 2374 948 2405 ut
975 2361 1183 2405 verbum
1226 2361 1489 2422 augebit
1533 2378 1645 2408 con-

75 2444 265 2489 cinnius
295 2446 353 2489 ad
382 2458 640 2505 utrumque
669 2445 943 2490 memb'rum
971 2447 1216 2490 referatur.

159 2533 266 2590 Pag.
298 2543 367 2587 55.
397 2548 445 2576 v.
475 2531 684 2586 26—28.
729 2547 939 2577 omnes
969 2556 1027 2569 ι-
1055 2531 1451 2576 devocari-
1486 2533 1645 2580 Verba

16 2628 43 2659 2·
75 2617 202 2661 inter
230 2617 346 2661 haec
377 2618 471 2662 duo
503 2617 660 2660 media
689 2616 879 2661 librarii
906 2617 1031 2663 vitio
1061 2617 1239 2663 omissa
1269 2619 1393 2678 Aug.

159 2684 266 2763 Pag.
307 2716 378 2758 55.
432 2719 480 2749 v.
519 2715 594 2762 29.
663 2705 728 2746 In
784 2719 904 2762 quo
960 2703 1236 2762 primum
1286 2704 1536 2763 ——'Vulg.
1579 2704 1644 2747 in

20 2779 21 2782 Ἴ
78 2802 197 2848 quo
237 2788 446 2849 primo
463 2823 474 2833 .
546 2789 633 2833 Sed
677 2790 794 2833 Mss.
833 2789 994 2850 plures
1038 2805 1111 2849 ap.
1156 2791 1344 2834 Gruter.
1391 2803 1438 2834 et
1465 2791 1639 2834 Graev.
