<?xml version="1.0" encoding="UTF-8"?>
<!DOCTYPE html PUBLIC "-//W3C//DTD XHTML 1.0 Transitional//EN"
    "http://www.w3.org/TR/xhtml1/DTD/xhtml1-transitional.dtd">
<html xmlns="http://www.w3.org/1999/xhtml" xml:lang="en" lang="en">
 <head>
  <title>
</title>
<meta http-equiv="Content-Type" content="text/html;charset=utf-8" />
  <meta name='ocr-system' content='tesseract 3.04.00' />
  <meta name='ocr-capabilities' content='ocr_page ocr_carea ocr_par ocr_line ocrx_word'/>
</head>
<body>
  <div class='ocr_page' id='page_1' title='image "./p1selectedworkso01ciceuoft_0160.png"; bbox 0 0 1924 3224; ppageno 0'>
   <div class='ocr_carea' id='block_1_1' title="bbox 1596 197 1613 218">
    <p class='ocr_par' dir='ltr' id='par_1_1' title="bbox 1596 197 1613 218">
     <span class='ocr_line' id='line_1_1' title="bbox 1596 197 1613 218; baseline 0 0"><span class='ocrx_word' id='word_1_1' title='bbox 1596 197 1613 218; x_wconf 64' lang='grc' dir='ltr'>ί</span> 
     </span>
    </p>
   </div>
   <div class='ocr_carea' id='block_1_2' title="bbox 263 232 1725 325">
    <p class='ocr_par' dir='ltr' id='par_1_2' title="bbox 263 232 1725 325">
     <span class='ocr_line' id='line_1_2' title="bbox 263 232 1725 325; baseline 0.007 -38"><span class='ocrx_word' id='word_1_2' title='bbox 263 232 338 325; x_wconf 63' lang='grc'><strong>96·</strong></span> <span class='ocrx_word' id='word_1_3' title='bbox 619 249 1725 322; x_wconf 39' lang='grc' dir='ltr'><strong>ΒΗΕΤΟΒΙοοΒυΜεἊ-ιιμω</strong></span> 
     </span>
    </p>
   </div>
   <div class='ocr_carea' id='block_1_3' title="bbox 257 396 1881 1770">
    <p class='ocr_par' dir='ltr' id='par_1_3' title="bbox 257 396 1881 1770">
     <span class='ocr_line' id='line_1_3' title="bbox 267 396 1881 484; baseline 0.001 -18"><span class='ocrx_word' id='word_1_4' title='bbox 267 412 373 466; x_wconf 82' lang='lat' dir='ltr'><strong>Sed</strong></span> <span class='ocrx_word' id='word_1_5' title='bbox 410 413 538 483; x_wconf 83' lang='lat' dir='ltr'><strong>quia</strong></span> <span class='ocrx_word' id='word_1_6' title='bbox 573 412 631 461; x_wconf 86' lang='lat' dir='ltr'><strong>in</strong></span> <span class='ocrx_word' id='word_1_7' title='bbox 667 411 858 461; x_wconf 87' lang='lat' dir='ltr'><strong>ceteris.</strong></span> <span class='ocrx_word' id='word_1_8' title='bbox 876 398 1304 484; x_wconf 47' lang='lat' dir='ltr'><strong>rebusxingenii</strong></span> <span class='ocrx_word' id='word_1_9' title='bbox 1342 409 1558 466; x_wconf 79' lang='lat' dir='ltr'><strong>bonitas</strong></span> <span class='ocrx_word' id='word_1_10' title='bbox 1586 396 1836 469; x_wconf 59' lang='lat' dir='ltr'><strong>imitatur</strong></span> <span class='ocrx_word' id='word_1_11' title='bbox 1878 414 1881 417; x_wconf 49' lang='lat'><strong>⁴</strong></span> 
     </span>
     <span class='ocr_line' id='line_1_4' title="bbox 263 497 1837 568; baseline 0.003 -20"><span class='ocrx_word' id='word_1_12' title='bbox 263 515 420 566; x_wconf 83' lang='lat' dir='ltr'><strong>saepe</strong></span> <span class='ocrx_word' id='word_1_13' title='bbox 456 497 789 556; x_wconf 85' lang='lat' dir='ltr'><strong>doctrinam,</strong></span> <span class='ocrx_word' id='word_1_14' title='bbox 830 513 914 547; x_wconf 85' lang='lat' dir='ltr'><strong>ars</strong></span> <span class='ocrx_word' id='word_1_15' title='bbox 951 514 1112 565; x_wconf 87' lang='lat' dir='ltr'><strong>porro</strong></span> <span class='ocrx_word' id='word_1_16' title='bbox 1146 502 1370 549; x_wconf 79' lang='lat' dir='ltr'><strong>&#39;naturae</strong></span> <span class='ocrx_word' id='word_1_17' title='bbox 1406 501 1690 565; x_wconf 23' lang='lat' dir='ltr'><strong>commoda·</strong></span> <span class='ocrx_word' id='word_1_18' title='bbox 1706 505 1837 568; x_wconf 52' lang='grc' dir='ltr'><strong>θοὰς</strong></span> 
     </span>
     <span class='ocr_line' id='line_1_5' title="bbox 264 580 1836 656; baseline 0.001 -21"><span class='ocrx_word' id='word_1_19' title='bbox 264 581 452 635; x_wconf 79' lang='lat' dir='ltr'><strong>firmat</strong></span> <span class='ocrx_word' id='word_1_20' title='bbox 479 595 533 634; x_wconf 86' lang='lat' dir='ltr'><strong>et</strong></span> <span class='ocrx_word' id='word_1_21' title='bbox 559 594 747 653; x_wconf 83' lang='lat' dir='ltr'><strong>auget3</strong></span> <span class='ocrx_word' id='word_1_22' title='bbox 785 584 864 632; x_wconf 90' lang='lat' dir='ltr'><strong>ita</strong></span> <span class='ocrx_word' id='word_1_23' title='bbox 902 580 972 632; x_wconf 88' lang='lat' dir='ltr'><strong>fit</strong></span> <span class='ocrx_word' id='word_1_24' title='bbox 1005 585 1063 632; x_wconf 91' lang='lat' dir='ltr'><strong>in</strong></span> <span class='ocrx_word' id='word_1_25' title='bbox 1098 582 1212 634; x_wconf 62' lang='lat' dir='ltr'><strong>hac‘</strong></span> <span class='ocrx_word' id='word_1_26' title='bbox 1233 601 1318 643; x_wconf 89' lang='lat' dir='ltr'><strong>re,</strong></span> <span class='ocrx_word' id='word_1_27' title='bbox 1357 586 1424 636; x_wconf 68' lang='lat' dir='ltr'><strong>u‘t</strong></span> <span class='ocrx_word' id='word_1_28' title='bbox 1449 601 1836 656; x_wconf 81' lang='lat' dir='ltr'><strong>nonnunquam</strong></span> 
     </span>
     <span class='ocr_line' id='line_1_6' title="bbox 263 669 1835 742; baseline 0.001 -21"><span class='ocrx_word' id='word_1_29' title='bbox 263 669 522 721; x_wconf 85' lang='lat' dir='ltr'><strong>naturalis</strong></span> <span class='ocrx_word' id='word_1_30' title='bbox 560 669 848 726; x_wconf 80' lang='lat' dir='ltr'><strong>memoria,</strong></span> <span class='ocrx_word' id='word_1_31' title='bbox 887 670 935 718; x_wconf 85' lang='lat' dir='ltr'><strong>si</strong></span> <span class='ocrx_word' id='word_1_32' title='bbox 972 670 1061 718; x_wconf 90' lang='lat' dir='ltr'><strong>cui</strong></span> <span class='ocrx_word' id='word_1_33' title='bbox 1098 669 1224 719; x_wconf 84' lang='lat' dir='ltr'><strong>data</strong></span> <span class='ocrx_word' id='word_1_34' title='bbox 1258 680 1339 720; x_wconf 85' lang='lat' dir='ltr'><strong>est</strong></span> <span class='ocrx_word' id='word_1_35' title='bbox 1364 670 1603 742; x_wconf 70' lang='lat' dir='ltr'><strong>egregia,</strong></span> <span class='ocrx_word' id='word_1_36' title='bbox 1645 670 1835 739; x_wconf 59' lang='lat' dir='ltr'><strong>Similia</strong></span> 
     </span>
     <span class='ocr_line' id='line_1_7' title="bbox 264 751 1835 811; baseline -0.002 -5"><span class='ocrx_word' id='word_1_37' title='bbox 264 758 336 806; x_wconf 86' lang='lat' dir='ltr'><strong>sit</strong></span> <span class='ocrx_word' id='word_1_38' title='bbox 370 755 497 805; x_wconf 89' lang='lat' dir='ltr'><strong>huic</strong></span> <span class='ocrx_word' id='word_1_39' title='bbox 535 751 879 810; x_wconf 79' lang='lat' dir='ltr'><strong>artificiosae.</strong></span> <span class='ocrx_word' id='word_1_40' title='bbox 977 756 1146 805; x_wconf 90' lang='lat' dir='ltr'><strong>Porro</strong></span> <span class='ocrx_word' id='word_1_41' title='bbox 1181 752 1314 804; x_wconf 87' lang='lat' dir='ltr'><strong>haec</strong></span> <span class='ocrx_word' id='word_1_42' title='bbox 1339 753 1663 807; x_wconf 52' lang='lat' dir='ltr'><strong>artificiosa&lt;</strong></span> <span class='ocrx_word' id='word_1_43' title='bbox 1682 769 1835 811; x_wconf 58' lang='lat' dir='ltr'><strong>natu*</strong></span> 
     </span>
     <span class='ocr_line' id='line_1_8' title="bbox 259 837 1834 909; baseline 0.001 -17"><span class='ocrx_word' id='word_1_44' title='bbox 259 859 352 892; x_wconf 88' lang='lat' dir='ltr'><strong>rae</strong></span> <span class='ocrx_word' id='word_1_45' title='bbox 389 841 670 891; x_wconf 87' lang='lat' dir='ltr'><strong>commoda</strong></span> <span class='ocrx_word' id='word_1_46' title='bbox 708 841 929 899; x_wconf 82' lang='lat' dir='ltr'><strong>retinet,</strong></span> <span class='ocrx_word' id='word_1_47' title='bbox 982 852 1033 890; x_wconf 91' lang='lat' dir='ltr'><strong>et</strong></span> <span class='ocrx_word' id='word_1_48' title='bbox 1068 837 1359 909; x_wconf 81' lang='lat' dir='ltr'><strong>amplificat</strong></span> <span class='ocrx_word' id='word_1_49' title='bbox 1394 843 1602 892; x_wconf 86' lang='lat' dir='ltr'><strong>ratione</strong></span> <span class='ocrx_word' id='word_1_50' title='bbox 1638 842 1834 896; x_wconf 57' lang='lat' dir='ltr'><strong>doctri»</strong></span> 
     </span>
     <span class='ocr_line' id='line_1_9' title="bbox 261 925 1856 997; baseline 0.001 -20"><span class='ocrx_word' id='word_1_51' title='bbox 261 944 378 978; x_wconf 87' lang='lat' dir='ltr'><strong>nae.</strong></span> <span class='ocrx_word' id='word_1_52' title='bbox 455 927 792 994; x_wconf 83' lang='lat' dir='ltr'><strong>Quapropter</strong></span> <span class='ocrx_word' id='word_1_53' title='bbox 820 937 874 975; x_wconf 91' lang='lat' dir='ltr'><strong>et</strong></span> <span class='ocrx_word' id='word_1_54' title='bbox 895 925 1150 976; x_wconf 88' lang='lat' dir='ltr'><strong>naturalis</strong></span> <span class='ocrx_word' id='word_1_55' title='bbox 1177 928 1434 989; x_wconf 88' lang='lat' dir='ltr'><strong>memoria</strong></span> <span class='ocrx_word' id='word_1_56' title='bbox 1462 929 1856 997; x_wconf 64' lang='lat' dir='ltr'><strong>praeceptione</strong></span> 
     </span>
     <span class='ocr_line' id='line_1_10' title="bbox 261 1010 1844 1084; baseline 0.001 -21"><span class='ocrx_word' id='word_1_57' title='bbox 261 1010 632 1064; x_wconf 83' lang='lat' dir='ltr'><strong>confirmanda</strong></span> <span class='ocrx_word' id='word_1_58' title='bbox 681 1023 787 1071; x_wconf 87' lang='lat' dir='ltr'><strong>est,</strong></span> <span class='ocrx_word' id='word_1_59' title='bbox 849 1022 910 1060; x_wconf 88' lang='lat' dir='ltr'><strong>ut</strong></span> <span class='ocrx_word' id='word_1_60' title='bbox 956 1012 1035 1062; x_wconf 74' lang='lat' dir='ltr'><strong>sitv</strong></span> <span class='ocrx_word' id='word_1_61' title='bbox 1077 1012 1315 1083; x_wconf 83' lang='lat' dir='ltr'><strong>egregia=</strong></span> <span class='ocrx_word' id='word_1_62' title='bbox 1383 1011 1645 1073; x_wconf 75' lang='lat' dir='ltr'><strong>ethaeo,</strong></span> <span class='ocrx_word' id='word_1_63' title='bbox 1695 1016 1844 1084; x_wconf 78' lang='lat' dir='ltr'><strong>quae-</strong></span> 
     </span>
     <span class='ocr_line' id='line_1_11' title="bbox 259 1098 1834 1170; baseline 0.001 -20"><span class='ocrx_word' id='word_1_64' title='bbox 259 1099 507 1151; x_wconf 85' lang='lat' dir='ltr'><strong>doctrina</strong></span> <span class='ocrx_word' id='word_1_65' title='bbox 556 1098 744 1158; x_wconf 84' lang='lat' dir='ltr'><strong>datur,</strong></span> <span class='ocrx_word' id='word_1_66' title='bbox 806 1099 1025 1170; x_wconf 83' lang='lat' dir='ltr'><strong>indiget·</strong></span> <span class='ocrx_word' id='word_1_67' title='bbox 1058 1099 1276 1168; x_wconf 86' lang='lat' dir='ltr'><strong>ingenii.</strong></span> <span class='ocrx_word' id='word_1_68' title='bbox 1319 1098 1458 1149; x_wconf 64' lang='lat' dir='ltr'><strong>&#39;Nec</strong></span> <span class='ocrx_word' id='word_1_69' title='bbox 1499 1098 1606 1150; x_wconf 84' lang='lat' dir='ltr'><strong>hoc</strong></span> <span class='ocrx_word' id='word_1_70' title='bbox 1640 1116 1834 1170; x_wconf 60' lang='lat' dir='ltr'><strong>magua</strong></span> 
     </span>
     <span class='ocr_line' id='line_1_12' title="bbox 259 1178 1833 1255; baseline 0.001 -21"><span class='ocrx_word' id='word_1_71' title='bbox 259 1197 353 1235; x_wconf 87' lang='lat' dir='ltr'><strong>aut</strong></span> <span class='ocrx_word' id='word_1_72' title='bbox 388 1186 565 1237; x_wconf 88' lang='lat' dir='ltr'><strong>minus</strong></span> <span class='ocrx_word' id='word_1_73' title='bbox 605 1186 661 1233; x_wconf 89' lang='lat' dir='ltr'><strong>in</strong></span> <span class='ocrx_word' id='word_1_74' title='bbox 697 1182 797 1233; x_wconf 86' lang='lat' dir='ltr'><strong>hac</strong></span> <span class='ocrx_word' id='word_1_75' title='bbox 831 1201 920 1242; x_wconf 90' lang='lat' dir='ltr'><strong>re,</strong></span> <span class='ocrx_word' id='word_1_76' title='bbox 985 1178 1146 1255; x_wconf 77' lang='lat' dir='ltr'><strong>quam</strong></span> <span class='ocrx_word' id='word_1_77' title='bbox 1183 1185 1241 1232; x_wconf 85' lang='lat' dir='ltr'><strong>in</strong></span> <span class='ocrx_word' id='word_1_78' title='bbox 1279 1186 1464 1235; x_wconf 89' lang='lat' dir='ltr'><strong>ceteris</strong></span> <span class='ocrx_word' id='word_1_79' title='bbox 1503 1183 1707 1236; x_wconf 85' lang='lat' dir='ltr'><strong>artibus</strong></span> <span class='ocrx_word' id='word_1_80' title='bbox 1731 1181 1833 1244; x_wconf 35' lang='lat' dir='ltr'><strong>(fit,</strong></span> 
     </span>
     <span class='ocr_line' id='line_1_13' title="bbox 259 1263 1829 1342; baseline 0.001 -22"><span class='ocrx_word' id='word_1_81' title='bbox 259 1282 323 1320; x_wconf 88' lang='lat' dir='ltr'><strong>ut</strong></span> <span class='ocrx_word' id='word_1_82' title='bbox 361 1272 609 1342; x_wconf 87' lang='lat' dir='ltr'><strong>ingenio,</strong></span> <span class='ocrx_word' id='word_1_83' title='bbox 651 1270 923 1327; x_wconf 87' lang='lat' dir='ltr'><strong>doctrina,</strong></span> <span class='ocrx_word' id='word_1_84' title='bbox 961 1271 1332 1336; x_wconf 82' lang='lat' dir='ltr'><strong>praeceptione</strong></span> <span class='ocrx_word' id='word_1_85' title='bbox 1369 1282 1557 1320; x_wconf 87' lang='lat' dir='ltr'><strong>natura</strong></span> <span class='ocrx_word' id='word_1_86' title='bbox 1583 1263 1829 1338; x_wconf 47' lang='lat' dir='ltr'><strong>nitescat,</strong></span> 
     </span>
     <span class='ocr_line' id='line_1_14' title="bbox 261 1354 1834 1424; baseline 0 -18"><span class='ocrx_word' id='word_1_87' title='bbox 261 1357 440 1423; x_wconf 84' lang='lat' dir='ltr'><strong>Quare</strong></span> <span class='ocrx_word' id='word_1_88' title='bbox 477 1367 534 1405; x_wconf 83' lang='lat' dir='ltr'><strong>et</strong></span> <span class='ocrx_word' id='word_1_89' title='bbox 566 1354 703 1414; x_wconf 89' lang='lat' dir='ltr'><strong>illis,</strong></span> <span class='ocrx_word' id='word_1_90' title='bbox 768 1355 863 1424; x_wconf 84' lang='lat' dir='ltr'><strong>qui</strong></span> <span class='ocrx_word' id='word_1_91' title='bbox 912 1365 1103 1403; x_wconf 85' lang='lat' dir='ltr'><strong>natura</strong></span> <span class='ocrx_word' id='word_1_92' title='bbox 1153 1371 1412 1406; x_wconf 83' lang='lat' dir='ltr'><strong>memores</strong></span> <span class='ocrx_word' id='word_1_93' title='bbox 1463 1367 1620 1415; x_wconf 81' lang='lat' dir='ltr'><strong>suut,</strong></span> <span class='ocrx_word' id='word_1_94' title='bbox 1681 1355 1834 1407; x_wconf 70' lang='lat' dir='ltr'><strong>ubilis</strong></span> 
     </span>
     <span class='ocr_line' id='line_1_15' title="bbox 257 1440 1836 1509; baseline -0.001 -17"><span class='ocrx_word' id='word_1_95' title='bbox 257 1440 391 1492; x_wconf 85' lang='lat' dir='ltr'><strong>haec</strong></span> <span class='ocrx_word' id='word_1_96' title='bbox 429 1442 532 1490; x_wconf 91' lang='lat' dir='ltr'><strong>erit</strong></span> <span class='ocrx_word' id='word_1_97' title='bbox 566 1442 864 1500; x_wconf 83' lang='lat' dir='ltr'><strong>instituti03</strong></span> <span class='ocrx_word' id='word_1_98' title='bbox 926 1441 1073 1509; x_wconf 86' lang='lat' dir='ltr'><strong>quod</strong></span> <span class='ocrx_word' id='word_1_99' title='bbox 1121 1450 1238 1490; x_wconf 88' lang='lat' dir='ltr'><strong>tute</strong></span> <span class='ocrx_word' id='word_1_100' title='bbox 1273 1440 1434 1508; x_wconf 80' lang='lat' dir='ltr'><strong>paulo</strong></span> <span class='ocrx_word' id='word_1_101' title='bbox 1471 1452 1602 1508; x_wconf 66' lang='lat' dir='ltr'><strong>post</strong></span> <span class='ocrx_word' id='word_1_102' title='bbox 1628 1443 1836 1509; x_wconf 81' lang='lat' dir='ltr'><strong>poteris·</strong></span> 
     </span>
     <span class='ocr_line' id='line_1_16' title="bbox 258 1509 1831 1598; baseline 0.001 -21"><span class='ocrx_word' id='word_1_103' title='bbox 258 1526 568 1598; x_wconf 83' lang='lat' dir='ltr'><strong>intelligere.</strong></span> <span class='ocrx_word' id='word_1_104' title='bbox 657 1525 818 1593; x_wconf 84' lang='lat' dir='ltr'><strong>Quod</strong></span> <span class='ocrx_word' id='word_1_105' title='bbox 855 1527 902 1575; x_wconf 88' lang='lat' dir='ltr'><strong>si</strong></span> <span class='ocrx_word' id='word_1_106' title='bbox 938 1525 1019 1574; x_wconf 88' lang='lat' dir='ltr'><strong>illi</strong></span> <span class='ocrx_word' id='word_1_107' title='bbox 1055 1522 1180 1575; x_wconf 83' lang='lat' dir='ltr'><strong>freti</strong></span> <span class='ocrx_word' id='word_1_108' title='bbox 1215 1526 1430 1597; x_wconf 86' lang='lat' dir='ltr'><strong>ingenio</strong></span> <span class='ocrx_word' id='word_1_109' title='bbox 1468 1543 1599 1585; x_wconf 84' lang='lat' dir='ltr'><strong>suo,</strong></span> <span class='ocrx_word' id='word_1_110' title='bbox 1644 1509 1831 1580; x_wconf 60' lang='lat' dir='ltr'><strong>nostro</strong></span> 
     </span>
     <span class='ocr_line' id='line_1_17' title="bbox 259 1611 1829 1683; baseline -0.001 -20"><span class='ocrx_word' id='word_1_111' title='bbox 259 1629 371 1664; x_wconf 89' lang='lat' dir='ltr'><strong>non</strong></span> <span class='ocrx_word' id='word_1_112' title='bbox 408 1611 684 1683; x_wconf 83' lang='lat' dir='ltr'><strong>indigent,</strong></span> <span class='ocrx_word' id='word_1_113' title='bbox 723 1623 900 1662; x_wconf 84' lang='lat' dir='ltr'><strong>tamen</strong></span> <span class='ocrx_word' id='word_1_114' title='bbox 937 1612 1077 1661; x_wconf 88' lang='lat' dir='ltr'><strong>iusta</strong></span> <span class='ocrx_word' id='word_1_115' title='bbox 1114 1629 1272 1662; x_wconf 86' lang='lat' dir='ltr'><strong>causa</strong></span> <span class='ocrx_word' id='word_1_116' title='bbox 1309 1611 1497 1672; x_wconf 86' lang='lat' dir='ltr'><strong>datur,</strong></span> <span class='ocrx_word' id='word_1_117' title='bbox 1550 1625 1717 1682; x_wconf 82' lang='lat' dir='ltr'><strong>quare</strong></span> <span class='ocrx_word' id='word_1_118' title='bbox 1743 1613 1829 1672; x_wconf 83' lang='lat' dir='ltr'><strong>iis,</strong></span> 
     </span>
     <span class='ocr_line' id='line_1_18' title="bbox 261 1695 1828 1770; baseline -0.001 -21"><span class='ocrx_word' id='word_1_119' title='bbox 261 1701 358 1770; x_wconf 87' lang='lat' dir='ltr'><strong>qui</strong></span> <span class='ocrx_word' id='word_1_120' title='bbox 392 1700 570 1748; x_wconf 89' lang='lat' dir='ltr'><strong>minus</strong></span> <span class='ocrx_word' id='word_1_121' title='bbox 607 1699 810 1770; x_wconf 88' lang='lat' dir='ltr'><strong>ingenii</strong></span> <span class='ocrx_word' id='word_1_122' title='bbox 843 1695 1062 1757; x_wconf 85' lang='lat' dir='ltr'><strong>habent,</strong></span> <span class='ocrx_word' id='word_1_123' title='bbox 1098 1698 1406 1748; x_wconf 86' lang='lat' dir='ltr'><strong>adiumento</strong></span> <span class='ocrx_word' id='word_1_124' title='bbox 1442 1696 1667 1749; x_wconf 85' lang='lat' dir='ltr'><strong>velimus</strong></span> <span class='ocrx_word' id='word_1_125' title='bbox 1699 1713 1828 1748; x_wconf 54' lang='lat' dir='ltr'><strong>esse⁶</strong></span> 
     </span>
    </p>
   </div>
   <div class='ocr_carea' id='block_1_4' title="bbox 260 1836 1831 2847">
    <p class='ocr_par' dir='ltr' id='par_1_4' title="bbox 260 1836 1831 2847">
     <span class='ocr_line' id='line_1_19' title="bbox 376 1836 1827 1910; baseline -0.002 -18"><span class='ocrx_word' id='word_1_126' title='bbox 376 1854 457 1902; x_wconf 86' lang='lat'><strong>17.</strong></span> <span class='ocrx_word' id='word_1_127' title='bbox 515 1842 670 1892; x_wconf 85' lang='lat' dir='ltr'><strong>Nunc</strong></span> <span class='ocrx_word' id='word_1_128' title='bbox 730 1839 794 1890; x_wconf 83' lang='lat' dir='ltr'><strong>de</strong></span> <span class='ocrx_word' id='word_1_129' title='bbox 856 1836 1148 1890; x_wconf 87' lang='lat' dir='ltr'><strong>artificiosa</strong></span> <span class='ocrx_word' id='word_1_130' title='bbox 1210 1841 1468 1890; x_wconf 87' lang='lat' dir='ltr'><strong>memoria</strong></span> <span class='ocrx_word' id='word_1_131' title='bbox 1529 1838 1827 1910; x_wconf 82' lang='lat' dir='ltr'><strong>loquemur.</strong></span> 
     </span>
     <span class='ocr_line' id='line_1_20' title="bbox 261 1922 1830 1998; baseline -0.003 -19"><span class='ocrx_word' id='word_1_132' title='bbox 261 1930 483 1981; x_wconf 78' lang='lat' dir='ltr'><strong>Constat</strong></span> <span class='ocrx_word' id='word_1_133' title='bbox 520 1929 685 1998; x_wconf 83' lang='lat' dir='ltr'><strong>igitur</strong></span> <span class='ocrx_word' id='word_1_134' title='bbox 722 1922 1014 1975; x_wconf 86' lang='lat' dir='ltr'><strong>artificiosa</strong></span> <span class='ocrx_word' id='word_1_135' title='bbox 1051 1927 1308 1975; x_wconf 91' lang='lat' dir='ltr'><strong>memoria</strong></span> <span class='ocrx_word' id='word_1_136' title='bbox 1345 1942 1406 1975; x_wconf 84' lang='lat' dir='ltr'><strong>ex</strong></span> <span class='ocrx_word' id='word_1_137' title='bbox 1443 1924 1574 1975; x_wconf 91' lang='lat' dir='ltr'><strong>locis</strong></span> <span class='ocrx_word' id='word_1_138' title='bbox 1613 1936 1666 1974; x_wconf 87' lang='lat' dir='ltr'><strong>et</strong></span> <span class='ocrx_word' id='word_1_139' title='bbox 1702 1926 1830 1974; x_wconf 86' lang='lat' dir='ltr'><strong>ima-</strong></span> 
     </span>
     <span class='ocr_line' id='line_1_21' title="bbox 261 2007 1827 2087; baseline -0.003 -24"><span class='ocrx_word' id='word_1_140' title='bbox 261 2013 494 2087; x_wconf 77' lang='lat' dir='ltr'><strong>ginibus·</strong></span> <span class='ocrx_word' id='word_1_141' title='bbox 579 2014 799 2062; x_wconf 86' lang='lat' dir='ltr'><strong>Locos</strong></span> <span class='ocrx_word' id='word_1_142' title='bbox 862 2008 1182 2078; x_wconf 85' lang='lat' dir='ltr'><strong>appellamus</strong></span> <span class='ocrx_word' id='word_1_143' title='bbox 1236 2027 1361 2070; x_wconf 78' lang='lat' dir='ltr'><strong>e05‚</strong></span> <span class='ocrx_word' id='word_1_144' title='bbox 1437 2011 1532 2080; x_wconf 83' lang='lat' dir='ltr'><strong>qui</strong></span> <span class='ocrx_word' id='word_1_145' title='bbox 1577 2007 1827 2068; x_wconf 84' lang='lat' dir='ltr'><strong>breviter,</strong></span> 
     </span>
     <span class='ocr_line' id='line_1_22' title="bbox 260 2097 1831 2169; baseline -0.004 -19"><span class='ocrx_word' id='word_1_146' title='bbox 260 2097 521 2169; x_wconf 85' lang='lat' dir='ltr'><strong>perfecte,</strong></span> <span class='ocrx_word' id='word_1_147' title='bbox 583 2098 865 2167; x_wconf 84' lang='lat' dir='ltr'><strong>insignite,</strong></span> <span class='ocrx_word' id='word_1_148' title='bbox 931 2106 1026 2145; x_wconf 89' lang='lat' dir='ltr'><strong>aut</strong></span> <span class='ocrx_word' id='word_1_149' title='bbox 1077 2108 1295 2155; x_wconf 88' lang='lat' dir='ltr'><strong>natura,</strong></span> <span class='ocrx_word' id='word_1_150' title='bbox 1362 2106 1457 2144; x_wconf 87' lang='lat' dir='ltr'><strong>aut</strong></span> <span class='ocrx_word' id='word_1_151' title='bbox 1505 2113 1667 2145; x_wconf 89' lang='lat' dir='ltr'><strong>mauu</strong></span> <span class='ocrx_word' id='word_1_152' title='bbox 1701 2105 1831 2162; x_wconf 81' lang='lat' dir='ltr'><strong>suut</strong></span> 
     </span>
     <span class='ocr_line' id='line_1_23' title="bbox 264 2172 1827 2250; baseline -0.003 -14"><span class='ocrx_word' id='word_1_153' title='bbox 264 2185 526 2243; x_wconf 85' lang='lat' dir='ltr'><strong>absoluti,</strong></span> <span class='ocrx_word' id='word_1_154' title='bbox 589 2195 650 2232; x_wconf 91' lang='lat' dir='ltr'><strong>ut</strong></span> <span class='ocrx_word' id='word_1_155' title='bbox 700 2199 790 2232; x_wconf 90' lang='lat' dir='ltr'><strong>eos</strong></span> <span class='ocrx_word' id='word_1_156' title='bbox 840 2177 994 2230; x_wconf 88' lang='lat' dir='ltr'><strong>facile</strong></span> <span class='ocrx_word' id='word_1_157' title='bbox 1035 2181 1264 2231; x_wconf 87' lang='lat' dir='ltr'><strong>naturali</strong></span> <span class='ocrx_word' id='word_1_158' title='bbox 1301 2182 1558 2231; x_wconf 87' lang='lat' dir='ltr'><strong>memoria</strong></span> <span class='ocrx_word' id='word_1_159' title='bbox 1595 2172 1827 2250; x_wconf 71' lang='lat' dir='ltr'><strong>compre-</strong></span> 
     </span>
     <span class='ocr_line' id='line_1_24' title="bbox 262 2266 1825 2339; baseline -0.003 -18"><span class='ocrx_word' id='word_1_160' title='bbox 262 2270 492 2321; x_wconf 87' lang='lat' dir='ltr'><strong>hendere</strong></span> <span class='ocrx_word' id='word_1_161' title='bbox 530 2280 582 2319; x_wconf 88' lang='lat' dir='ltr'><strong>et</strong></span> <span class='ocrx_word' id='word_1_162' title='bbox 618 2267 862 2339; x_wconf 86' lang='lat' dir='ltr'><strong>amplecti</strong></span> <span class='ocrx_word' id='word_1_163' title='bbox 899 2283 1183 2337; x_wconf 85' lang='lat' dir='ltr'><strong>queamus,</strong></span> <span class='ocrx_word' id='word_1_164' title='bbox 1244 2278 1306 2315; x_wconf 90' lang='lat' dir='ltr'><strong>ut</strong></span> <span class='ocrx_word' id='word_1_165' title='bbox 1343 2266 1527 2326; x_wconf 88' lang='lat' dir='ltr'><strong>aedes,</strong></span> <span class='ocrx_word' id='word_1_166' title='bbox 1599 2267 1825 2316; x_wconf 88' lang='lat' dir='ltr'><strong>interco—</strong></span> 
     </span>
     <span class='ocr_line' id='line_1_25' title="bbox 261 2347 1826 2425; baseline -0.003 -19"><span class='ocrx_word' id='word_1_167' title='bbox 261 2355 559 2414; x_wconf 81' lang='lat' dir='ltr'><strong>lumnium,</strong></span> <span class='ocrx_word' id='word_1_168' title='bbox 609 2353 892 2425; x_wconf 85' lang='lat' dir='ltr'><strong>angulum,</strong></span> <span class='ocrx_word' id='word_1_169' title='bbox 944 2349 1226 2410; x_wconf 81' lang='lat' dir='ltr'><strong>fornicem,</strong></span> <span class='ocrx_word' id='word_1_170' title='bbox 1280 2363 1332 2401; x_wconf 91' lang='lat' dir='ltr'><strong>et</strong></span> <span class='ocrx_word' id='word_1_171' title='bbox 1368 2351 1501 2411; x_wconf 88' lang='lat' dir='ltr'><strong>alia,</strong></span> <span class='ocrx_word' id='word_1_172' title='bbox 1568 2368 1704 2421; x_wconf 85' lang='lat' dir='ltr'><strong>quae</strong></span> <span class='ocrx_word' id='word_1_173' title='bbox 1740 2347 1826 2402; x_wconf 81' lang='lat' dir='ltr'><strong>his</strong></span> 
     </span>
     <span class='ocr_line' id='line_1_26' title="bbox 266 2434 1824 2525; baseline -0.005 -34"><span class='ocrx_word' id='word_1_174' title='bbox 266 2441 462 2509; x_wconf 83' lang='lat' dir='ltr'><strong>similia</strong></span> <span class='ocrx_word' id='word_1_175' title='bbox 506 2452 655 2501; x_wconf 74' lang='lat' dir='ltr'><strong>sunt.</strong></span> <span class='ocrx_word' id='word_1_176' title='bbox 745 2439 1088 2508; x_wconf 84' lang='lat' dir='ltr'><strong>Imagines</strong></span> <span class='ocrx_word' id='word_1_177' title='bbox 1141 2449 1266 2487; x_wconf 84' lang='lat' dir='ltr'><strong>sunt</strong></span> <span class='ocrx_word' id='word_1_178' title='bbox 1302 2434 1505 2525; x_wconf 65' lang='lat' dir='ltr'><strong>formae</strong></span> <span class='ocrx_word' id='word_1_179' title='bbox 1543 2434 1824 2506; x_wconf 70' lang='lat' dir='ltr'><strong>quaedam,</strong></span> 
     </span>
     <span class='ocr_line' id='line_1_27' title="bbox 266 2521 1827 2591; baseline -0.004 -16"><span class='ocrx_word' id='word_1_180' title='bbox 266 2537 321 2575; x_wconf 89' lang='lat' dir='ltr'><strong>et</strong></span> <span class='ocrx_word' id='word_1_181' title='bbox 357 2537 543 2583; x_wconf 85' lang='lat' dir='ltr'><strong>notae,</strong></span> <span class='ocrx_word' id='word_1_182' title='bbox 604 2537 655 2575; x_wconf 88' lang='lat' dir='ltr'><strong>et</strong></span> <span class='ocrx_word' id='word_1_183' title='bbox 692 2523 969 2574; x_wconf 87' lang='lat' dir='ltr'><strong>simulacra</strong></span> <span class='ocrx_word' id='word_1_184' title='bbox 1006 2523 1118 2571; x_wconf 89' lang='lat' dir='ltr'><strong>eius</strong></span> <span class='ocrx_word' id='word_1_185' title='bbox 1154 2523 1263 2581; x_wconf 91' lang='lat' dir='ltr'><strong>rei,</strong></span> <span class='ocrx_word' id='word_1_186' title='bbox 1328 2540 1488 2591; x_wconf 88' lang='lat' dir='ltr'><strong>quam</strong></span> <span class='ocrx_word' id='word_1_187' title='bbox 1525 2521 1827 2582; x_wconf 80' lang='lat' dir='ltr'><strong>meminisse</strong></span> 
     </span>
     <span class='ocr_line' id='line_1_28' title="bbox 263 2605 1825 2682; baseline -0.006 -18"><span class='ocrx_word' id='word_1_188' title='bbox 263 2612 539 2670; x_wconf 85' lang='lat' dir='ltr'><strong>volumus;</strong></span> <span class='ocrx_word' id='word_1_189' title='bbox 579 2611 725 2680; x_wconf 88' lang='lat' dir='ltr'><strong>quod</strong></span> <span class='ocrx_word' id='word_1_190' title='bbox 754 2625 945 2681; x_wconf 87' lang='lat' dir='ltr'><strong>genus:</strong></span> <span class='ocrx_word' id='word_1_191' title='bbox 985 2609 1129 2677; x_wconf 89' lang='lat' dir='ltr'><strong>equi,</strong></span> <span class='ocrx_word' id='word_1_192' title='bbox 1164 2607 1343 2657; x_wconf 86' lang='lat' dir='ltr'><strong>leones</strong></span> <span class='ocrx_word' id='word_1_193' title='bbox 1359 2643 1385 2682; x_wconf 34' lang='lat'><strong>,·</strong></span> <span class='ocrx_word' id='word_1_194' title='bbox 1414 2605 1654 2677; x_wconf 87' lang='lat' dir='ltr'><strong>aquilae;</strong></span> <span class='ocrx_word' id='word_1_195' title='bbox 1696 2620 1825 2674; x_wconf 84' lang='lat' dir='ltr'><strong>quo·</strong></span> 
     </span>
     <span class='ocr_line' id='line_1_29' title="bbox 264 2691 1824 2764; baseline -0.005 -16"><span class='ocrx_word' id='word_1_196' title='bbox 264 2716 382 2748; x_wconf 82' lang='lat' dir='ltr'><strong>rum</strong></span> <span class='ocrx_word' id='word_1_197' title='bbox 431 2698 737 2746; x_wconf 88' lang='lat' dir='ltr'><strong>memoriam</strong></span> <span class='ocrx_word' id='word_1_198' title='bbox 787 2697 834 2746; x_wconf 87' lang='lat' dir='ltr'><strong>si</strong></span> <span class='ocrx_word' id='word_1_199' title='bbox 869 2693 1104 2747; x_wconf 89' lang='lat' dir='ltr'><strong>volemus</strong></span> <span class='ocrx_word' id='word_1_200' title='bbox 1145 2691 1367 2752; x_wconf 87' lang='lat' dir='ltr'><strong>hahere,</strong></span> <span class='ocrx_word' id='word_1_201' title='bbox 1428 2691 1682 2763; x_wconf 85' lang='lat' dir='ltr'><strong>imagines</strong></span> <span class='ocrx_word' id='word_1_202' title='bbox 1739 2705 1824 2764; x_wconf 63' lang='lat'><strong>“9&#39;-</strong></span> 
     </span>
     <span class='ocr_line' id='line_1_30' title="bbox 264 2766 1735 2847; baseline -0.003 -15"><span class='ocrx_word' id='word_1_203' title='bbox 264 2800 386 2832; x_wconf 88' lang='lat' dir='ltr'><strong>rum</strong></span> <span class='ocrx_word' id='word_1_204' title='bbox 423 2783 579 2831; x_wconf 85' lang='lat' dir='ltr'><strong>certis</strong></span> <span class='ocrx_word' id='word_1_205' title='bbox 618 2781 675 2830; x_wconf 85' lang='lat' dir='ltr'><strong>iu</strong></span> <span class='ocrx_word' id='word_1_206' title='bbox 710 2780 842 2831; x_wconf 86' lang='lat' dir='ltr'><strong>locis</strong></span> <span class='ocrx_word' id='word_1_207' title='bbox 881 2778 1136 2831; x_wconf 86' lang='lat' dir='ltr'><strong>collocare</strong></span> <span class='ocrx_word' id='word_1_208' title='bbox 1173 2795 1271 2830; x_wconf 86' lang='lat' dir='ltr'><strong>nos</strong></span> <span class='ocrx_word' id='word_1_209' title='bbox 1310 2775 1597 2847; x_wconf 77' lang='lat' dir='ltr'><strong>oportebit.</strong></span> <span class='ocrx_word' id='word_1_210' title='bbox 1651 2818 1659 2828; x_wconf 80' lang='grc'><em>,</em></span> <span class='ocrx_word' id='word_1_211' title='bbox 1733 2766 1735 2768; x_wconf 44' lang='grc'><strong>’</strong></span> 
     </span>
    </p>
   </div>
   <div class='ocr_carea' id='block_1_5' title="bbox 1570 2889 1827 2950">
    <p class='ocr_par' dir='ltr' id='par_1_5' title="bbox 1570 2889 1827 2950">
     <span class='ocr_line' id='line_1_31' title="bbox 1570 2889 1827 2950; baseline -0.004 -14"><span class='ocrx_word' id='word_1_212' title='bbox 1570 2900 1651 2950; x_wconf 76' lang='lat'><strong>13.</strong></span> <span class='ocrx_word' id='word_1_213' title='bbox 1674 2889 1827 2940; x_wconf 85' lang='lat' dir='ltr'><strong>Nunc</strong></span> 
     </span>
    </p>
   </div>
  </div>
 </body>
</html>
