1924 3224
274 217 377 263 AD
433 215 936 265 HERENNIUM
992 217 1151 262 LIB.
1209 218 1307 265 IV.
1363 229 1405 263 2.
1488 284 1490 286 r
1544 238 1639 270 ιιι

76 378 200 448 pla,
258 391 392 448 quae
430 395 460 426 a
496 374 887 445 probatissimis
937 374 1268 436 oratoribus,
1333 387 1427 426 aut
1471 378 1646 444 poetis

78 475 251 514 sumta
290 465 413 513 sint.
500 463 556 512 Si
594 479 648 511 se
687 460 934 511 omnibus
973 473 1330 530 anteponunt,
1396 462 1649 512 intolera-

77 548 176 599 bili
213 548 514 619 arrogantia
555 558 705 596 sunt:
768 547 814 596 si
852 563 986 616 quos
1026 546 1130 596 sibi
1166 558 1528 615 praeponunt,
1592 558 1647 597 et

79 651 263 683 eorum
301 631 533 699 exempla
572 633 682 680 suis
720 632 968 699 exemplis
1007 650 1113 682 non
1142 643 1336 699 putant
1359 641 1644 699 praestare,

78 736 185 768 non
224 729 444 786 possunt
498 717 700 774 dicere,
757 734 918 786 quare
976 715 1080 766 sibi
1130 717 1248 768 illos
1302 730 1644 785 anteponant.

79 804 223 869 Quid
246 788 412 874 igitur
434 805 547 871 ipsa
574 804 862 852 auctoritas
888 803 1230 871 antiquorum
1249 802 1276 853 ‘3
1336 805 1455 854 Non
1481 820 1648 873 quum

76 906 159 939 res
212 887 626 955 probabiliores,
682 899 798 937 tum
847 887 1126 937 hominum
1178 889 1356 938 studia
1410 889 1475 950 ad
1529 890 1645 939 imi-

77 973 302 1024 tandum
364 973 619 1022 alacriora
679 972 891 1023 reddit?
963 974 1131 1022 Immo
1193 975 1350 1044 erigit
1407 975 1648 1024 omnium

79 1059 427 1125 cupiditates,
480 1053 531 1108 et
569 1060 711 1109 acuit
748 1060 1099 1116 industriam,
1156 1076 1322 1127 quum
1361 1076 1479 1126 spes
1516 1060 1647 1107 inie-

79 1156 162 1192 cta
203 1155 279 1193 est
294 1176 311 1202 ‚-
349 1157 504 1210 posse
541 1145 829 1201 imitando,
871 1141 1128 1201 Gracchi,
1180 1154 1272 1191 aut
1311 1144 1485 1192 Crassi
1524 1161 1646 1193 con-

77 1230 233 1298 sequi
277 1226 599 1278 facultatem.
691 1232 967 1279 Postremo
1016 1227 1120 1277 hoc
1166 1220 1351 1294 ipsum'
1392 1238 1468 1278 est
1506 1241 1646 1277 sum-

77 1332 223 1363 mum
263 1311 585 1373 artificium,-
620 1331 703 1364 res
741 1317 910 1366 varias
949 1325 1000 1363 et
1039 1314 1272 1380 dispares
1309 1315 1365 1361 in
1402 1325 1485 1363 tot
1523 1330 1645 1380 poe·

76 1398 309 1448 matibus
349 1411 400 1448 et
438 1398 771 1449 orationibus
811 1417 1047 1469 sparsas,
1111 1410 1161 1447 et
1199 1415 1329 1469 vage
1369 1398 1645 1457 disiectas,

76 1484 154 1533 ita
217 1484 496 1554 diligenter
567 1485 788 1555 eligere,
872 1497 936 1534 ut
996 1485 1418 1552 unumquodque
1477 1501 1644 1554 genus

78 1569 434 1636 exemplorum
461 1568 559 1618 sub
587 1570 824 1640 singulos
852 1570 980 1618 artis
1003 1569 1150 1619 locos
1177 1568 1437 1618 subiicere
1452 1570 1642 1635 possis.

77 1657 191 1703 Hoc
226 1656 271 1702 si
318 1654 579 1704 industria
630 1655 800 1704 solum
849 1652 969 1703 fieri
1016 1661 1227 1722 posset,
1290 1665 1468 1703 tamen
1510 1669 1644 1702 esse-

77 1756 193 1787 mus
231 1738 517 1798 laudandi,
577 1758 741 1809 quum
794 1739 952 1789 talem
1001 1739 1239 1789 laborem
1279 1756 1386 1788 non
1425 1736 1644 1809 fugisse-

77 1839 223 1873 mus:
290 1841 432 1873 nunc
470 1826 580 1873 sine
622 1842 829 1875 summo
869 1822 1101 1874 artificio
1139 1842 1246 1874 non
1283 1836 1463 1891 potest
1501 1821 1640 1874 fieri.

80 1909 213 1974 Quis
252 1921 333 1959 est
372 1912 529 1968 enim,
569 1912 662 1978 qui
699 1911 806 1959 nisi
842 1927 1046 1959 summe
1083 1921 1262 1958 teneat
1300 1922 1481 1967 artem,
1522 1926 1641 1976 pos-

78 1995 152 2043 sit
186 2010 275 2051 ea,
334 2012 469 2062 quae
506 1992 688 2045 iubeat
723 2013 839 2054 ars,-
889 1995 952 2045 de
993 2006 1165 2052 tanta,
1218 2007 1270 2044 et
1306 2007 1417 2045 tam
1450 1993 1641 2045 diffusa

78 2079 340 2144 scriptura
389 2091 604 2138 notare,
668 2091 719 2128 et
766 2079 1043 2148 separare?
1119 2081 1318 2138 Ceteri,
1371 2098 1536 2149 quum
1572 2079 1641 2128 le·

78 2173 212 2232 gunt
261 2165 527 2213 orationes
576 2163 744 2214 bona-s
791 2177 885 2215 aut
920 2176 1194 2232 poemata,
1259 2163 1490 2231 probant
1527 2181 1638 2213 ora-

77 2258 248 2305 tores,
313 2259 364 2296 et
398 2261 610 2314 poetas,
671 2257 842 2319 neque
877 2250 1211 2320 intelligunt,
1262 2267 1369 2317 qua
1405 2266 1461 2297 re
1498 2266 1638 2298 com·

77 2333 212 2380 moti
259 2331 513 2399 probent:
575 2335 721 2403 quod
766 2337 896 2384 scire
946 2328 1054 2383 non
1101 2345 1356 2401 possunt,
1419 2333 1513 2383 ubi
1551 2336 1636 2392 sit,

78 2434 174 2466 nec
211 2418 343 2486 quid
379 2419 477 2476 sit,
537 2436 632 2467 nec
669 2436 776 2488 quo
812 2420 972 2469 modo
1010 2417 1211 2468 factum
1249 2420 1319 2468 sit
1355 2419 1439 2476 id,
1492 2419 1638 2488 quod

80 2518 168 2551 eos
206 2504 431 2551 maxime
484 2503 721 2554 delectet.
803 2507 876 2555 At
922 2506 1001 2562 is,
1063 2505 1156 2572 qui
1208 2515 1260 2552 et
1291 2502 1421 2552 haec
1459 2506 1638 2553 omnia

79 2586 358 2657 intelligit,
412 2599 464 2636 et
512 2588 703 2638 idonea
750 2592 975 2638 maxime
1024 2588 1202 2658 eligit,
1255 2600 1305 2638 et
1355 2591 1534 2638 omnia
1580 2590 1636 2638 in

81 2682 191 2720 arte
227 2671 503 2722 scribenda
551 2673 744 2744 redigit
790 2676 846 2722 in
896 2673 1127 2744 singulas
1164 2676 1394 2724 rationes
1433 2690 1635 2741 praece-

78 2757 308 2824 ptionis,
367 2773 576 2807 necesse
625 2769 706 2808 est
755 2761 865 2809 eius
913 2761 991 2808 rei
1040 2776 1276 2816 summus
1325 2756 1512 2809 artifex
1545 2760 1631 2823 sit.
