1924 3224
575 184 1053 239 ⁴CAPUT
1179 189 1229 231 Ι.
1529 187 1720 242 XXXV

151 362 307 421 est,
390 348 602 427 quod
660 370 751 406 ex
806 349 1055 408 rebus
1112 350 1470 410 diversis
1530 354 1718 412 alte-

149 471 314 520 rafn
379 461 751 522 breviter
810 478 883 521 et
937 462 1012 522 fa
1035 464 1187 523 cile
1246 465 1754 543 confirmats

150 577 346 658 idque
382 562 461 636 in
482 575 713 659 figuris
741 592 1132 637 numeratur.
1205 584 1538 659 Propterea
1560 586 1725 641 Mat·

151 692 290 750 tius
327 666 600 773 negabat
639 691 1029 772 Quintiliani
1078 693 1153 752 de
1200 697 1590 775 argumentis
1635 699 1727 756 lo-

155 806 411 885 quentis
469 807 1150 867 commemorat-ionem
1203 808 1540 868 Cornificii
1591 812 1724 870 huc

72 948 78 960 ²
151 920 490 1000 pertinere.
610 926 836 999 Neque
894 940 1046 983 vero
1102 915 1238 1000 ipse
1290 924 1359 981 id
1414 921 1728 985 affirmare

157 1030 363 1094 susim
380 1081 396 1107 ‚
470 1035 840 1113 praesertim
910 1057 1111 1115 quum
1170 1037 1283 1097 ille
1338 1039 1727 1118 Quintiliani

154 1151 339 1209 locus
379 1148 676 1207 nondum
709 1149 860 1208 satis
890 1150 1222 1228 expeditus
1252 1171 1384 1210 esse
1414 1153 1727 1212 videatur«

165 1292 174 1299 ·
230 1260 558 1347 [Quintil.
589 1267 698 1321 IX.
735 1284 765 1321 Ω
788 1309 803 1336 ,
854 1282 955 1341 97.
1006 1310 1043 1337 ,,
1065 1264 1455 1325 Cornificius
1482 1268 1596 1327 lic
1613 1280 1733 1329 eii-¹

139 1355 265 1438 ‘iia
279 1395 344 1438 m
367 1420 369 1422 ·
390 1391 580 1444 vocat
615 1364 1068 1462 παῤῥηάίαν.“
1109 1383 1180 1436 Α.
1215 1380 1291 1437 ad
1309 1384 1585 1440 Herenn.
1617 1376 1731 1443 IV>

161 1486 258 1566 36¹.
345 1494 700 1550 L'z‘cenciaea
763 1509 927 1564 cst,-
987 1515 1225 1573 quum
1289 1499 1380 1573 ap
1399 1496 1501 1554 ud
1571 1516 1726 1572 eos„

157 1608 359 1685 quos
434 1621 574 1665 aut
640 1609 922 1666 vereri
981 1623 1118 1679 aut
1175 1623 1539 1667 metuere-
1605 1609 1727 1667 de:

158 1721 471 1792 bemuS‚
533 1735 607 1778 ta
633 1741 803 1780 men
860 1721 1176 1802 aliquid
1234 1743 1375 1801 pro
1433 1738 1725 1783 nostro

155 1836 182 1893 i
199 1851 289 1893 ur
303 1855 336 1892 e
378 1834 629 1893 dicim
649 1857 693 1895 u
712 1855 759 1894 S.
850 1841 1062 1895 Potest
1105 1856 1252 1895 sane
1286 1837 1730 1917 Quintilianus

153 1950 218 2007 h.
254 1951 296 2006 l·.
327 1950 731 2022 Herenniani.
759 1951 969 2009 nostri
1012 1952 1389 2029 respexisse:
1450 1951 1595 2035 fieri
1633 1967 1727 2012 ta-

159 2083 310 2122 men
337 2063 529 2122 etiam
551 2068 795 2142 potest,
839 2080 912 2122 ut
939 2066 1016 2124 ad
1042 2066 1243 2124 alium
1258 2066 1500 2124 librum
1527 2085 1730 2145 respe-

155 2178 322 2236 xerit
342 2222 357 2249 ,
403 2177 473 2235 in
506 2198 634 2256 quo
672 2178 1060 2238 Cornificius
1105 2181 1423 2240 vocabulo
1466 2180 1725 2238 licen-

159 2291 228 2348 ti
246 2311 279 2348 a
321 2291 544 2349 eodem
584 2294 778 2352 modo
797 2339 812 2366 ,
874 2314 1001 2373 quo
1044 2295 1490 2353 Herennianus
1507 2339 1522 2366 ,
1570 2313 1725 2353 usus

156 2419 335 2464 esset.
1645 2482 1649 2486 ι

265 2513 559 2598 Quintil.
590 2525 698 2579 IX.
736 2538 770 2592 5
790 2567 805 2596 ,
858 2541 888 2594 3
906 2545 956 2581 1.
999 2522 1247 2604 figurae
1289 2543 1322 2581 c
1337 2543 1375 2580 o
1391 2543 1510 2601 mp
1525 2523 1551 2580 1
1565 2543 1597 2580 e
1613 2523 1720 2580 xi·-

159 2632 342 2690 onis
394 2652 441 2691 s.
485 2630 893 2718 συμπλοκῆς
931 2636 1103 2693 idem
1133 2639 1496 2715 exemplum
1524 2633 1720 2713 affert,

161 2766 291 2825 quo
353 2746 560 2806 utitur
612 2755 686 2810 A.
740 2750 816 2809 ad
858 2755 1131 2809 Herenn.
1172 2753 1274 2811 IV.
1331 2763 1421 2823 tls.
1518 2785 1578 2824 >‚,
1596 2749 1720 2830 Qui
