1924 3224
283 238 392 286 ,An
454 235 964 282 HERENNIUM
1022 238 1452 294 L113.1V.15.
1576 259 1672 308 129

105 399 264 451 tubae
299 400 534 449 sonitum
574 394 805 465 perferre
842 413 950 446 non
984 408 1154 464 potes.
1162 405 1196 428 ‘⁶
1271 401 1384 449 Hoc
1417 417 1602 470 geneie
1628 405 1674 452 si

107 487 492 556 distinguemus
535 484 860 541 elationem,
912 494 963 532 et
1002 484 1179 533 mnati
1218 495 1269 533 et
1306 502 1490 555 graves
1528 500 1671 554 pote-

105 571 273 622 rimus
316 584 445 618 esse.

213 651 645 707 Exclamatio
696 665 806 711 est,
871 671 1006 723 quae
1057 651 1279 704 conficit
1326 654 1672 727 significatio-

106 756 228 792 nem
276 739 506 796 doloris,
570 750 663 788 aut
714 739 1097 809 indignationis
1139 738 1390 799 alicuius,
1453 757 1546 809 per
1579 741 1673 793 ho-

106 823 298 881 minis,
340 835 432 873 aut
469 821 646 883 urbis,
688 836 779 873 aut
802 824 935 880 loci,-
977 835 1069 872 aut
1099 826 1176 872 rei
1202 826 1498 893 cuiuspiam
1536 845 1674 876 com-

38 955 43 959 .
107 910 477 981 pellationem,
515 903 620 959 hoc
647 909 838 959 modo:
898 939 933 968 ,‚
953 911 1026 958 Te
1053 908 1193 958 nunc
1222 909 1498 981 alloquor,
1536 911 1674 964 Afri-

109 1010 265 1053 cane‚
322 997 476 1043 ‘cuius
538 997 738 1044 mortui
788 1011 1002 1064 quoque
1053 1011 1247 1044 nomen
1298 993 1567 1062 splendori
1616 1016 1676 1048 ac

110 1081 291 1132 decori
340 1092 420 1129 est
470 1081 691 1130 civitati.
804 1081 907 1129 Tui
974 1078 1254 1127 clarissimi
1305 1093 1523 1148 nepotes
1576 1100 1673 1134 suo

110 1167 367 1235 sanguine
453 1163 734 1214 abluerunt
816 1166 1158 1213 inimicorum
1239 1164 1619 1218 crudelitatem.
1640 1177 1675 1199 “

108 1253 270 1302 Item:
333 1249 433 1308 „O
471 1246 789 1316 perfidiosae
825 1248 1120 1319 Fregellae,
1174 1264 1333 1319 quam
1379 1248 1533 1301 facile
1571 1269 1674 1302 sce-

107 1335 214 1386 lere
259 1346 447 1385 *vestro
505 1331 885 1386 contabuistis!
960 1347 1045 1394 ut,
1120 1337 1269 1384 cuius
1331 1337 1476 1387 nitor
1528 1336 1676 1388 urbis

109 1419 316 1472 Italiam
355 1437 522 1486 nuper
563 1420 877 1479 illustravit,
920 1422 1051 1469 eius‘
1076 1433 1215 1470 nunc
1245 1421 1332 1474 vix
1367 1417 1676 1471 fundamen-

110 1518 291 1556 torum
324 1505 579 1573 reliquiae
617 1517 878 1556 maneann
900 1514 934 1538 “
1021 1506 1184 1555 Item:
1237 1507 1560 1564 „Bonorum
1595 1509 1697 1569 ‘ing

111 1591 390 1641 sidiatores
432 1589 715 1639 latrocinio
752 1592 917 1640 vitam
955 1591 1380 1640 innocentissimi
1423 1592 1678 1661 cuiusque

111 1677 351 1745 petistis:
405 1684 678 1724 tantamne
715 1693 776 1724 ex
812 1677 1098 1744 iniquitate
1135 1676 1454 1726 iudiciorum
1491 1678 1676 1726 vestris

113 1760 393 1810 calumniis
454 1763 721 1811 assumitis
785 1757 1169 1811 facultatem!“
1254 1763 1363 1810 Hac
1427 1761 1677 1810 exclama-

113 1847 262 1897 tione
301 1847 347 1896 si
392 1845 512 1895 loco
562 1858 802 1903 utemur,
854 1863 1022 1904 raro,
1086 1857 1139 1895 et
1170 1860 1337 1914 quum
1375 1848 1452 1895 rei
1478 1849 1675 1916 magui-

112 1930 246 1980 tudo
283 1929 553 1997 postulare
594 1929 889 1989 videbitur3
960 1931 1026 1980 ad
1067 1949 1227 1998 quam
1269 1931 1506 1983 volemus
1542 1933 1676 1982 indi-

113 2017 422 2086 gnationem
459 2018 694 2065 animum
735 2016 993 2065 auditoris
1039 2016 1375 2065 adducemus⁴

223 2101 704 2169 Interrogatio
758 2118 866 2150 non
920 2102 1089 2150 omnis
1127 2103 1299 2169 gravis
1337 2113 1445 2159 est,
1508 2120 1677 2171 neque

117 2187 404 2242 concinna,
456 2186 548 2233 sed
583 2180 741 2243 haec,
795 2203 957 2254 quae,
1008 2204 1173 2255 quum
1210 2198 1509 2234 enumerata
1554 2198 1678 2236 sunt

118 2287 207 2328 ea,
247 2287 382 2338 quae
425 2268 625 2319 obsunt
665 2288 848 2319 causae
893 2270 1341 2328 adversariorum,
1395 2268 1678 2341 confirmat

118 2356 444 2421 superiorem
486 2356 805 2413 orationem,
853 2354 956 2405 hoc
994 2366 1179 2422 pactoz
1244 2357 1476 2420 „Quum
1514 2358 1676 2427 igitur

117 2439 248 2493 haec
287 2441 464 2490 omnia
505 2436 731 2498 faceres,
769 2440 993 2497 diceres,
1035 2441 1459 2499 administrares‚
1497 2453 1677 2492 utrum

109 2525 325 2573 animos
380 2526 650 2574 sociorum
688 2523 751 2573 ab
793 2524 1060 2591 republica
1105 2524 1442 2582 removebas‚
1498 2537 1551 2574 et
1587 2525 1675 2574 ah-

120 2607 437 2681 alienabas„
467 2627 532 2657 au
573 2608 768 2659 non?“
822 2612 918 2659 Et:
985 2612 1226 2665 „Utrum
1265 2610 1493 2680 aliquem
1532 2628 1674 2660 exor-

120 2694 237 2742 nari
286 2696 555 2760 oportuit,
618 2695 711 2762 qui
748 2695 852 2743 ista
894 2692 1230 2762 prohiberet,
1310 2713 1370 2745 ac
1408 2694 1528 2746 fieri
1570 2700 1676 2746 non

120 2777 342 2835 sineret,
408 2797 473 2827 an
512 2777 708 2829 non?“

194 2872 285 2910 Cic.
311 2870 493 2911 mmor.
540 2871 629 2910 roz.
659 2872 696 2910 J.
955 2861 959 2871 “
1577 2886 1609 2931 9
