1878 3198
790 59 830 102 ‚ff

222 258 391 308 218·
552 257 560 265 ·
713 241 1290 314 CICERONIS

1538 318 1559 338 0

218 443 255 467 ,‚
275 406 594 463 Ostendam,
632 405 1249 474 proptercupiditatem,
1302 415 1356 455 et
1387 385 1697 462 audaciam}
1735 399 1811 470 ets,

221 494 497 546 avaritiam
555 490 1007 551 adversariorum,
1084 492 1279 540 omnia,
1329 478 1694 556 incomihodssass
1718 488 1790 540 ad

218 576 600 646 rempublicam
635 579 935 645 pervenisse
953 593 968 636 ;
988 584 1023 606 ‘⁶
1059 578 1106 626 is
1133 593 1240 626 non
1268 576 1550 634 intellexit,
1587 577 1648 624 in
1673 585 1790 643 par-“-

219 666 443 722 titione,
509 663 750 730 exposito
802 678 1016 733 genere,
1092 673 1302 729 partem
1352 678 1408 711 se
1456 659 1790 733 generis-*atl-

219 751 512 799 miscuisse.
611 749 744 799 Nam
787 758 1070 818 genusxest
1108 749 1346 797 omnium
1381 748 1633 796 nimirum
1670 744 1792 795 libi·

212 833 409 902 ‘diuum
469 834 760 902 cupiditas:
826 835 938 883 eius
984 843 1163 882 autem
1210 833 1413 903 generis
1457 835 1574 882 sine
1624 830 1790 883 dubio

219 936 343 987 pars
382 930 459 968 est
490 920 745 970 avaritia.
865 920 978 968 Hoc
1013 919 1179 990 igitur
1215 919 1492 969 vitandum
1533 927 1660 976 est‚:
1705 934 1791 976 ne,

221 1023 389 1075 quum
421 1022 586 1076 genus
624 1006 898 1072 posueris,
939 1006 1050 1052 eius
1080 1006 1307 1072 speciem
1333 1004 1596 1073 aliquam,
1635 1003 1795 1057 sicuti

224 1091 488 1142 diversam
536 1108 596 1139 ac
645 1090 955 1143 dissimilem
994 1101 1227 1158 partem,
1301 1105 1468 1159 ponas
1517 1091 1574 1138 in
1610 1089 1794 1138 eadem

221 1177 529 1245 partitione.
606 1172 764 1243 Quod
804 1178 866 1225 si-
888 1176 1034 1246 quod
1062 1178 1119 1224 in
1153 1193 1316 1247 genus
1344 1175 1519 1242 plures
1547 1166 1797 1224 incident

222 1273 433 1331 partes,
500 1262 559 1311 id
596 1280 761 1331 quum
807 1263 863 1310 in
910 1263 1078 1328 prima
1133 1261 1422 1328 partitione
1474 1277 1661 1310 causae
1688 1261 1798 1310 -e-rit

224 1347 536 1414 simpliciter
562 1349 878 1415 expositum,
919 1337 1273 1409 distribuetur
1301 1363 1362 1395 eo
1389 1357 1625 1413 tempore
1655 1345 1800 1396 com-

224 1433 567 1492 modissime,
635 1451 802 1502 quum
837 1433 905 1483 ad
938 1434 1115 1501 ipsum
1151 1443 1365 1483 ventum
1401 1433 1503 1481 erit
1536 1430 1797 1498 explican-

225 1519 355 1570 dum
402 1506 685 1567 in·causae
722 1518 956 1568 dictione
994 1528 1118 1584 post
1164 1517 1523 1584 partitionem.
1621 1520 1799 1586 Atque

226 1604 362 1655 illud
401 1621 615 1674 quoque
652 1606 884 1672 pertinet
920 1605 987 1653 ad
1016 1604 1371 1671 paucitatem,
1411 1619 1478 1652 ne
1505 1614 1597 1652 aut
1627 1602 1799 1670 plura,

227 1709 389 1760 quam
431 1691 556 1739 satis
599 1700 709 1747 est,
761 1690 1215 1740 demonstraturos
1254 1706 1350 1738 nos
1389 1688 1657 1746 dicamus,
1695 1685 1800 1738 hoc
1861 1696 1864 1701 ’

230 1776 423 1825 modo:
485 1811 520 1834 „
539 1775 859 1832 Ostendam,
911 1775 1269 1832 adversm-im,
1323 1775 1470 1843 quod
1509 1775 1798 1844 arguimus,
1872 1824 1874 1831 ,

230 1872 286 1910 et
322 1863 563 1927 potuisse
599 1857 800 1917 facere,
853 1869 906 1907 et
943 1859 1203 1916 voluisse,
1269 1871 1320 1907 et
1359 1857 1629 1918 fecisse;“
1677 1876 1802 1908 nam

230 1941 422 1995 fecisse
469 1945 747 1995 ostendere
803 1945 931 1993 satis
972 1954 1078 2003 est;
1143 1956 1267 2001 aut,
1333 1961 1499 2013 quum
1545 1946 1604 1994 in
1646 1960 1804 1993 causa

230 2031 452 2100 partitio
493 2029 636 2080 nulla
663 2032 760 2088 sit,
798 2041 850 2079 et
877 2047 1042 2099 quum
1068 2029 1287 2096 simplex
1315 2030 1569 2099 quiddam
1597 2039 1802 2100 agatur,

233 2128 412 2167 tamen
439 2127 655 2166 utamur
681 2113 1087 2174 distributione3
1127 2114 1184 2164 id
1210 2115 1357 2185 quod
1383 2120 1598 2185 perraro
1625 2124 1806 2183 potest

237 2203 490 2253 accidere.

346 2300 430 2346 23.
470 2288 548 2337 Ac
585 2298 708 2337 sunt
743 2286 846 2338 alia
882 2304 1097 2357 quoque
1128 2299 1406 2355 praecepta
1429 2287 1803 2360 partitionum,

239 2391 376 2444 quae
413 2374 481 2423 ad
519 2372 661 2423 hunc
700 2389 856 2422 usum
906 2374 1200 2423 oratorium
1238 2390 1346 2422 non
1384 2384 1656 2443 tantopere
1690 2387 1806 2438 per-

239 2462 443 2518 tinent,
485 2459 577 2508 sed
607 2471 884 2510 versantur
922 2459 978 2508 in
1014 2456 1383 2525 philosophia,
1424 2458 1488 2507 de
1533 2474 1639 2526 qua
1676 2454 1808 2506 haec

240 2546 359 2612 ipsa
386 2544 782 2602 transtulimus,
822 2559 956 2613 quae
981 2545 1263 2593 convenire
1288 2541 1636 2600 videbantur,
1677 2552 1810 2612 quo·

241 2648 362 2679 rum
400 2629 535 2692 nihil
575 2632 631 2679 in
675 2630 861 2679 ceteris
901 2626 1101 2678 artibus
1138 2627 1551 2679 inveniebamus.

351 2716 527 2784 Atque
553 2713 637 2763 his
664 2715 728 2764 de
757 2714 1041 2781 partitione
1065 2716 1358 2781 praeceptis
1376 2750 1391 2772 ,
1444 2715 1501 2762 in
1541 2711 1687 2763 omni
1732 2710 1807 2761 di-

248 2802 422 2853 ctione
460 2801 762 2851 meminisse
798 2798 1098 2868 oportebit,
1174 2811 1236 2848 ut
1273 2811 1326 2849 et
1362 2801 1533 2866 prima
1568 2810 1810 2867 quaeque
