1924 3224
579 198 1017 255 CAPUT
1127 213 1177 255 1.
1520 212 1717 257 XXIX'

122 387 182 431 et
201 370 524 451 Ciceronis
538 372 894 431 Rhetoricis
923 392 969 429 s·
1002 372 1077 430 de
1100 371 1483 430 Inventione
1501 374 1684 432 libris

121 487 487 546 similitudo
520 501 654 544 orta
684 488 783 544 sit.
872 484 1121 565 Nempe
1173 508 1373 565 quum
1406 502 1566 545 esset
1595 489 1688 545 Ci-

123 601 342 659 ceroni
380 602 765 658 adolescenti
794 578 1194 679 propositum
1226 603 1456 680 eligere
1491 603 1690 680 quod-

122 736 373 793 cunque
400 717 674 793 placeret
699 736 775 773 ex
805 718 1098 773 omnium
1132 718 1504 789 doctorum,
1555 717 1690 795 qui,-

122 851 370 915 cunque
412 829 716 901 fuissent,
780 832 853 888 ab
913 832 1145 888 ultimo
1204 830 1393 888 huius
1451 851 1690 908 praece—

119 946 362 1022 ptionis
408 951 606 1022 usque
649 946 722 1001 ad
767 966 954 1002 suurn
983 960 1233 1022 tempus
1261 946 1562 1023 expositis
1593 966 1690 1004 co-

120 1060 275 1136 piis,
339 1059 567 1136 quidni
614 1061 803 1116 etiam
847 1060 1205 1136 Gniphonis
1263 1061 1539 1117 doctoris
1589 1061 1690 1117 sui

123 1173 352 1230 dictata
401 1173 470 1228 in
525 1173 891 1231 consilium
927 1174 1283 1245 adhiberet,
1360 1196 1437 1231 ex
1484 1174 1689 1252 iisque

124 1308 281 1366 quae
310 1287 505 1344 vellet
535 1285 886 1364 decerperet
905 1284 935 1343 ’ἓ
1373 1266 1375 1268 ¹

249 1399 498 1459 Deinde
569 1403 906 1459 Suetonius
987 1402 1396 1480 Gniphonem
1486 1404 1690 1460 multa

126 1514 449 1591 scripsisse
493 1530 720 1572 narrat.
855 1522 1091 1573 Auctor
1151 1518 1224 1572 ad
1290 1517 1691 1578 Herennium

126 1649 221 1699 se,
281 1642 526 1706 praeter
554 1629 906 1700 Rhetorica,
954 1630 1029 1686 de
1079 1651 1156 1686 re
1204 1630 1581 1705 militari,
1632 1645 1693 1688 et

128 1743 204 1800 de
244 1763 400 1819 rep.
459 1743 848 1819 scripturum
887 1742 1229 1820 profitetur
1275 1750 1382 1802 III.
1430 1766 1486 1815 2.
1535 1747 1691 1802 item

127 1856 202 1913 de
249 1871 420 1913 arte
467 1859 993 1935 grammatica
1055 1863 1154 1916 IV.
1199 1879 1290 1918 ια.
1339 1875 1401 1916 et
1440 1832 1688 1919 Atteius

125 1971 530 2050 Philologus,
577 1972 799 2028 eodem
859 1974 1158 2030 Suetonio
1206 1973 1543 2058 referente,
1594 1975 1686 2032 di-

125 2098 283 2142 serte
331 2086 597 2162 scripsit,
649 2107 794 2143 eum
843 2087 918 2144 de
950 2088 1181 2146 Latino
1226 2108 1514 2151 sermone
1558 2090 1687 2147 duo

124 2198 322 2256 libros
379 2200 666 2258 edidisse.
789 2202 974 2281 Quod
1025 2186 1176 2260 vero
1225 2203 1396 2259 idem
1443 2203 1686 2261 Atteius

127 2313 380 2385 retulit,
456 2334 602 2372 eum
658 2316 807 2372 haec
865 2330 1115 2372 tantum
1164 2317 1494 2374 volumina
1528 2317 1688 2373 ‘scri-

127 2427 346 2504 psisse‚
394 2443 591 2486 cetera
624 2423 1087 2506 discipulorum
1116 2431 1270 2500 eiUS,
1317 2452 1451 2488 non
1482 2417 1684 2508 ipsius

126 2560 291 2612 esse,
353 2541 421 2598 id
463 2563 666 2621 neque
699 2544 1036 2601 Suetonius
1082 2545 1372 2621 probasse
1412 2546 1686 2616 videtur,

126 2675 245 2712 nec
292 2670 385 2713 est
415 2655 731 2728 credibile,
771 2672 869 2715 tot
916 2658 1111 2716 libros
1149 2678 1367 2716 omnes
1411 2660 1543 2717 eius
1575 2680 1687 2717 no·

128 2769 300 2828 mine
341 2768 505 2829 falso
564 2771 903 2849 inscriptos
943 2771 1174 2843 fuisse,
1240 2774 1353 2851 qui
1397 2787 1607 2832 essent
1651 2793 1685 2828 a
