1924 3224
515 218 518 222 ’
572 233 719 277 cA
778 234 812 275 P
867 233 933 275 υ·
973 233 1016 276 Τ
1124 235 1212 276 -Π,
1530 232 1687 280 van

112 400 354 454 inventa
383 416 501 452 non
526 385 720 452 solum
752 395 982 464 ordine,
1037 395 1138 451 sed
1176 397 1361 451 etiam
1387 408 1688 453 momento

108 496 374 590 ¹quodam
403 509 737 589 dispensare
751 523 930 588 atque
951 529 1313 587 componere.
1364 513 1456 565 Ita
1488 529 1689 586 quum

114 623 555 705 Quintilianus
587 623 736 681 huic
763 624 908 681 loco
932 622 1331 682 'partitiones
1371 625 1687 697 Oratorias

113 754 174 797 et
237 743 566 798 Oratorem
619 752 928 816 opponat,
1003 740 1061 794 in
1119 737 1355 816 quibus,
1425 760 1559 811 sen,
1618 750 1689 796 ut

112 854 765 934 legendum‘videtun
798 856 857 909 in
887 852 1094 930 quibus
1125 853 1282 914 libris
1311 856 1517 932 postea
1546 857 1689 911 scri-

111 970 229 1047 ptis
258 972 469 1026 certior
492 968 612 1026 eius
647 972 934 1024 sentencia
968 972 1069 1038 sit,
1138 968 1690 1031 habemuslocum

115 1083 456 1152 similem,·
489 1082 693 1139 Instit.
737 1085 836 1140 Or.
889 1087 996 1140 IX.
1031 1102 1086 1154 5,
1133 1103 1228 1158 90.
1331 1088 1553 1153 „Nam
1584 1083 1689 1139 in-

114 1197 338 1275 primis
383 1201 476 1254 M.
523 1196 779 1254 Tullius
809 1197 1047 1254 multas
1087 1195 1169 1253 ,in
1204 1196 1393 1254 tertio
1418 1197 1503 1254 de
1536 1201 1690 1256 Ora·

118 1326 252 1370 tore
278 1310 447 1368 libro
490 1311 740 1389 posuit,
790 1332 940 1388 quas
981 1311 1055 1368 in
1098 1315 1360 1370 Oratore
1404 1326 1687 1388 postea

117 1426 356 1503 scripto
384 1427 776 1484 transeundo
816 1426 1068 1483 videtur
1112 1427 1252 1504 ipse
1296 1427 1688 1484 damnasse.“

122 1539 443 1619 Quicquid
490 1540 604 1610 sit,
683 1561 835 1598 nam
887 1541 1161 1618 liquido·
1217 1537 1531 1598 affirmare:
1573 1535 1690 1599 'hic

114 1653 287 1710 nihil
351 1674 692 1731 possumus
715 1700 730 1726 ‚
803 1657 924 1713 hoc
975 1657 1191 1714 saltim
1264 1656 1691 1719 certissimum

118 1783 240 1840 est,
320 1789 395 1825 ex
453 1768 571 1827 illo
630 1771 777 1828 loco
841 1771 1232 1851 Quintiliani
1286 1772 1452 1828 haud
1497 1766 1690 1842 effici,

117 1904 259 1940 eum
330 1883 594 1942 tertium
652 1900 762 1942 aut
827 1901 1126 1964 quartum
1197 1886 1688 1967 Rhetoricorum

120 1997 443 2055 Ciceronis
474 1999 714 2057 librum
741 2001 987 2080 legisse.

247 2113 576 2171 Maximus
616 2130 825 2174 autem
862 2130 1236 2196 argumento
1268 2137 1299 2172 e
1342 2115 1685 2195 Quintilia-

114 2227 189 2284 ni
239 2227 498 2285 silentio
542 2231 836 2288 cumulus
889 2231 1128 2288 accedit
1164 2231 1383 2288 Fabii
1443 2217 1686 2287 Marii

116 2341 259 2399 Vic
280 2356 354 2399 to
373 2342 541 2398 rini
576 2345 967 2416 auctoritate,
1017 2345 1126 2422 qui
1158 2366 1354 2422 quum
1383 2344 1452 2401 in
1480 2342 1682 2401 libros

120 2455 249 2537 duo
283 2455 603 2515 Ciceronis
623 2503 638 2529 ,
688 2479 846 2535 quos
893 2461 930 2516 d
953 2482 984 2517 e
1025 2458 1114 2517 In
1133 2481 1174 2515 v
1193 2481 1282 2516 en
1302 2459 1418 2516 tio
1436 2481 1479 2516 n
1500 2480 1530 2515 e
1573 2459 1682 2516 ha·

120 2568 376 2640 bemus,
442 2573 977 2630 commentarium
1009 2574 1339 2645 scriberet,
1385 2573 1681 2651 nuspiam

39 2686 50 2696 ‘
119 2704 186 2741 se
228 2684 440 2761 plures
484 2706 672 2762 quam
717 2688 873 2746 istos
932 2689 1056 2746 duo
1103 2688 1305 2747 oculis
1350 2707 1680 2764 usurpasse

122 2797 531 2877 significavit.
