1878 3198
250 231 958 342 'nni-:Tomconu'm
1014 256 1168 314 ΜΒ.
1218 225 1268 300 1.
1323 268 1407 316 29.
1546 272 1648 325 229

101 434 354 494 quntum,
407 433 458 471 et
505 432 681 470 tamen
732 419 933 489 indiget
978 418 1272 467 testimonii
1309 427 1360 465 et
1396 418 1651 486 gravioris

99 507 552 566 confirmationi83
608 516 669 553 ut
706 521 886 563 cruor,
926 501 1078 574 fuga,
1118 502 1312 571 pallor,
1363 502 1564 570 pulvis,
1603 513 1655 552 et

99 612 234 664 quae
270 593 352 643 his
391 603 513 642 sunt
551 589 756 640 similia.
834 589 915 639 Cf
926 588 1185 639 edibile
1222 599 1326 645 est,
1368 588 1513 655 quod
1544 589 1656 636 sine
1688 601 1691 605 ’

97 679 207 730 ullo
246 690 410 738 teste,
451 677 710 727 auditoris
738 677 985 742 opinione
1013 672 1283 731 firmatur,
1323 672 1426 722 hoc
1460 673 1657 722 modo:

99 751 320 825 „Nemo
370 775 475 822 est,
550 764 642 830 qui
692 777 799 810 non
846 759 1040 809 liberos
1096 776 1220 808 suos
1270 757 1556 807 incolumes
1608 769 1660 806 et

99 850 284 900 beatos
325 866 436 899 esse
475 851 711 915 cupiat.“
788 846 1179 895 Iudicatum
1219 855 1325 901 est,
1365 860 1446 892 res
1487 860 1659 892 assen-

103 937 278 992 sione,
345 945 436 982 aut
474 935 815 1007 auctoritate,
882 941 971 979 aut
1008 931 1208 980 iudicio
1247 928 1503 986 alicuius,
1571 939 1663 977 aut

103 1021 404 1091 aliquorum
465 1017 824 1086 comprobata.
935 1017 995 1065 Id
1046 1014 1215 1063 tribus
1276 1015 1331 1061 in
1383 1012 1663 1084 generibus

102 1117 398 1174 spectatur,
436 1104 718 1174 religioso,
760 1102 1058 1157 communi,
1100 1097 1407 1165 approbato.
1483 1097 1665 1148 Reli-

102 1193 370 1261 giosum
399 1201 496 1247 est,
535 1188 681 1257 quod
710 1188 871 1235 iurati
895 1184 1099 1255 legibus
1129 1185 1449 1233 iudicarunt.
1490 1185 1526 1231 C
1544 1200 1666 1232 om-

103 1285 298 1325 mune
336 1287 459 1334 est,
508 1274 652 1342 quod
691 1288 872 1321 omnes
914 1269 1069 1339 vulgo
1107 1267 1427 1335 probarunt,
1501 1279 1552 1316 et
1591 1284 1666 1315 se-

105 1363 262 1432 quuti
300 1371 453 1420 sunt,
502 1357 843 1408 huiusmodi:
898 1367 958 1404 ut
997 1353 1287 1404 maioribus
1327 1365 1456 1402 natu
1494 1370 1665 1401 assur-

104 1458 292 1517 gatur‚
353 1457 414 1494 ut
451 1444 746 1510 supplicum
784 1444 1109 1490 misereatur.
1203 1436 1669 1505 Approbatum

106 1543 211 1588 est,
275 1530 420 1599 quod
465 1528 739 1586 homines,
805 1545 970 1596 quum
1021 1525 1243 1575 dubium
1295 1535 1460 1581 esset,
1515 1522 1670 1590 quale

102 1615 289 1666 haberi
353 1625 650 1681 oporteret,
714 1629 807 1660 sua
867 1613 1258 1660 constituerunt
1320 1609 1630 1668 auctoritate
1655 1622 1671 1655 ε

105 1700 250 1752 velut
285 1700 492 1749 Horatii
527 1695 724 1747 factum
766 1715 794 1744 a
837 1696 1034 1763 populo
1075 1693 1455 1762 approbatum,
1524 1692 1671 1760 quod

107 1785 303 1835 occidit
339 1800 591 1839 sororem,
631 1800 798 1853 quum
837 1781 925 1829 illa
964 1782 1226 1831 devictum
1258 1780 1549 1829 Curiatium
1574 1776 1670 1827 ho-

108 1882 242 1920 stem
281 1868 511 1928 doleret3
573 1867 651 1917 vel
690 1878 749 1915 ut
784 1865 1010 1916 Gracchi
1058 1866 1256 1936 panis,
1307 1881 1464 1933 quem
1502 1881 1668 1930 popu-

59 1977 62 1979 ·
106 1954 191 2004 lus
229 1957 496 2004 Romanus
548 1951 616 2001 oh
666 1952 724 2001 id
771 1968 918 1999 reum
957 1948 1183 2009 factum,
1233 1950 1378 2018 quod
1416 1950 1672 1996 insciente

111 2039 308 2109 collega
345 2041 400 2086 in
439 2054 655 2086 censuia
693 2036 939 2085 nonnihil
978 2038 1195 2105 egisset,
1241 2045 1359 2101 post
1397 2050 1672 2082 censuram

111 2123 381 2174 consulem
420 2121 564 2172 fecit.
639 2100 1126 2187 Combarabile
1165 2130 1339 2168 autem
1380 2130 1486 2174 est,
1527 2117 1674 2186 quod

110 2210 167 2257 in
215 2206 371 2257 rebus
423 2207 642 2256 diversis
692 2207 914 2255 similem
966 2206 1198 2274 aliquam
1246 2205 1507 2253 rationem
1551 2219 1683 2251 colb,

110 2295 264 2342 tinet.
373 2293 502 2341 Eius
554 2302 727 2357 partes
779 2304 903 2341 suut
955 2303 1093 2340 tres:
1169 2292 1374 2358 imago,
1437 2286 1671 2343 collatio,

113 2376 424 2444 exemplum.
523 2377 748 2446 Imago
801 2388 879 2425 est
945 2377 1118 2426 oratio
1170 2375 1533 2423 demonstrans
1584 2382 1676 2420 aut

116 2478 429 2529 corporum,
469 2472 560 2508 aut
597 2473 903 2510 naturarum
950 2458 1369 2510 similitudinem.
1445 2456 1674 2507 Colla-

114 2549 218 2596 tio
257 2557 338 2595 est
376 2547 578 2601 oratio,
618 2562 728 2594 rem
766 2563 885 2595 cum
921 2560 977 2593 re
1015 2562 1081 2613 ex*
1113 2542 1462 2592 similitudine
1498 2537 1672 2590 confe-

91 2646 249 2680 xrens·
279 2654 281 2657 ·
348 2629 734 2697 Exemplum
798 2642 903 2688 est,
966 2629 1113 2699 quod
1162 2644 1272 2675 rem
1335 2627 1671 2681 auctoritate,

118 2727 208 2764 aut
246 2731 372 2763 casu
409 2714 628 2764 alicuius
667 2714 927 2771 hominis,
996 2724 1086 2761 aut
1135 2711 1336 2781 negotii
1373 2707 1671 2766 confirmat,

120 2810 211 2850 aut
250 2797 505 2850 infirmat.
600 2803 803 2851 Horum
840 2796 1176 2866 exemplaet
1199 2796 1577 2864 descriptiones
1616 2795 1674 2841 in
