1878 3198
198 206 638 254 RHETORIC.
677 207 776 251 DE
821 193 1145 256 INV'ENT.
1192 211 1254 255 11.
1284 218 1490 266 43—45.
1574 205 1677 275 255

122 381 249 414 recte
290 368 519 412 inseritur
559 367 614 409 in
644 367 737 412 Ms.
785 366 911 412 Cass.
926 399 940 418 ‚
986 367 1041 411 in
1073 367 1238 412 ceteris
1269 368 1387 413 Mss.
1418 380 1462 413 et
1490 369 1543 414 in
1573 369 1686 414 edd.·

121 456 370 501 omissum.
424 462 427 465 '

206 544 316 600 Pag.
344 539 442 596 336.
472 557 520 593 v.
538 547 586 598 4.
610 549 650 596 5.
704 540 901 606 quasi„
924 540 988 583 in
1027 541 1421 607 intentionis
1464 540 1676 597 locum

120 642 234 688 pro
253 619 534 670 ducendo
575 650 630 658 —
679 625 840 686 Vulgo
875 626 1055 685 quasi
1094 625 1382 671 intentan
1399 627 1481 671 tis
1523 627 1584 672 lo
1605 625 1674 672 c'o

118 728 151 774 p
166 719 195 755 1‘
206 727 234 756 o
249 712 280 756 d
294 729 328 757 u
340 727 364 756 c
379 728 403 755 e
418 727 450 753 n
464 712 495 755 d
512 728 540 756 o
557 744 570 763 ,
632 713 763 772 quod
807 712 923 772 quid
966 712 1026 756 sit
1040 744 1053 762 ,
1108 727 1204 757 non
1247 714 1396 773 magis
1441 712 1676 773 explicari

115 810 299 858 potest,
331 814 475 858 quam
490 830 500 846 ‚
534 798 664 858 quod
694 798 747 841 in
779 797 887 842 aliis
919 810 1012 847 est,
1065 797 1238 845 inten
1254 798 1281 841 d
1297 815 1321 842 e
1336 815 1367 842 n
1384 799 1467 842 tis
1510 799 1574 842 lo
1590 814 1614 842 c
1629 814 1677 843 o.

113 885 172 927 In
202 883 307 927 cod.
340 882 514 927 Altorf.
547 883 776 928 scribitur
816 883 876 927 lo
892 900 915 927 c
929 901 961 927 u
973 899 1021 925 m
1038 899 1050 933 ;
1092 897 1137 927 et
1166 900 1252 943 pro
1283 883 1348 928 in
1362 897 1380 927 t
1397 901 1464 927 exn
1476 896 1494 927 t
1508 901 1531 926 a
1543 899 1574 925 n
1587 883 1675 928 tis

114 967 216 1030 ipse
263 969 284 1011 i
298 986 327 1012 n
369 969 433 1012 in
447 982 465 1013 t
478 986 500 1012 e
516 985 546 1011 n
563 983 581 1014 t
595 970 611 1012 i
627 986 654 1014 o
668 987 697 1011 ιι
714 969 732 1011 i
748 986 768 1012 s
811 969 1072 1013 emendavi.
1133 970 1318 1029 Nempe
1349 969 1675 1028 adversarium

115 1054 300 1114 quasi
343 1053 406 1097 in
451 1054 512 1098 in
529 1068 630 1099 ten
650 1054 852 1127 tioniff
893 1054 1100 1098 locum
1143 1055 1494 1115 produc-ere
1526 1055 1676 1114 signi-

113 1139 252 1190 ficat,
295 1157 404 1183 eum
441 1140 626 1200 adigere
639 1173 651 1191 ,
697 1154 752 1184 ut
779 1141 881 1200 ipse
921 1140 1245 1184 intentionem
1288 1156 1420 1184 suam
1461 1141 1675 1200 pronun·

111 1225 231 1270 tiare
263 1239 459 1286 cogatur
473 1258 484 1275 ‚
529 1226 659 1287 quod
701 1226 868 1271 Cicero
913 1227 1013 1286 ipse
1056 1224 1363 1286 sequentibus
1407 1224 1567 1270 verbis
1597 1240 1677 1269 ex-

107 1309 284 1372 plicat;
332 1325 378 1356 et
422 1311 534 1371 quia
576 1312 686 1355 haec
730 1305 1007 1371 metaphora
1035 1312 1198 1370 paullo
1230 1311 1453 1356 audacior
1483 1309 1674 1355 videba-

107 1407 213 1447 tur,
255 1412 360 1440 eam
392 1396 562 1441 Cicero
591 1396 850 1456 praemisso
893 1397 1078 1454 quasi
1116 1395 1302 1446 mollit,
1348 1409 1404 1440 ut
1432 1411 1583 1456 saepe.

675 1552 829 1610 cap..
895 1549 1126 1601 XL1V4'·

189 1655 297 1712 Pag.
324 1663 423 1707 537.
463 1667 513 1695 v.
541 1657 584 1706 4.
638 1649 962 1694 indicium
1001 1677 1057 1687 -
1126 1652 1300 1700 Veram
1338 1649 1460 1695 hanc
1507 1651 1671 1696 lectio-

105 1754 216 1782 nem
258 1737 384 1781 eruit
428 1735 646 1781 Oudend.
689 1753 713 1779 e
761 1737 895 1780 codd.
941 1736 1077 1780 Leid.
1123 1754 1160 1780 1.
1204 1738 1340 1784 Voss.
1371 1749 1413 1780 2.
1463 1737 1671 1783 Addidit

100 1823 291 1868 Ernesti
342 1822 477 1866 codd.
546 1821 702 1867 Guelf.
748 1823 998 1882 utriusque
1042 1835 1088 1867 et
1138 1822 1264 1868 Cass.
1314 1821 1664 1868 auctoritatem.
1710 1816 1711 1825 ἶ

102 1907 266 1970 Vulgo
308 1907 648 1953 iudicium.

689 2051 841 2110 Cap.
899 2050 1071 2099 XLV.

90 2174 107 2192 ⁸
184 2168 290 2226 Pag.
315 2178 413 2222 537.
442 2181 492 2210 va
520 2179 582 2224 19.
641 2180 814 2224 quam
857 2151 1198 2210 absurdum
1242 2165 1327 2209 sit
1358 2188 1416 2196 —
1473 2165 1530 2207 In
1560 2163 1660 2223 ple-

101 2251 266 2312 risque
310 2252 412 2296 edd.
464 2267 485 2295 s
498 2253 519 2295 i
533 2264 552 2295 t
606 2250 878 2301 omittitur,
934 2251 1066 2309 quod
1106 2263 1234 2295 recte
1276 2249 1494 2310 agnoscit
1549 2249 1657 2294 cod.

104 2337 245 2383 Leid.
287 2350 329 2382 2.

186 2426 295 2484 Pag.
316 2434 415 2479 337.
450 2438 497 2468 v,
521 2434 593 2466 2ι.
619 2433 689 2465 22.
759 2436 784 2464 e
799 2437 818 2465 s
834 2436 854 2464 s
869 2437 894 2464 e
934 2437 1024 2465 om
1039 2421 1145 2465 nia
1185 2445 1242 2454 —-
1313 2420 1391 2466 Sic
1431 2419 1657 2466 Lambin.

99 2508 270 2553 ordine
307 2508 633 2553 concinniore.
701 2506 845 2567 Vulg.
890 2523 917 2552 ο
931 2523 979 2550 m
992 2507 1100 2550 nia
1139 2523 1162 2550 e
1176 2523 1196 2551 s
1213 2523 1232 2551 s
1248 2522 1272 2550 e
1287 2540 1299 2552 .

180 2596 289 2654 Pag.
305 2586 426 2651 3557.
469 2611 517 2638 v.
550 2602 621 2647 25.
688 2608 751 2635 ea
768 2608 932 2636 usam
985 2591 1230 2636 inferre
1284 2614 1341 2627 —-
1419 2591 1498 2636 Sic
1544 2591 1651 2635 cod.

17 2663 21 2666 η
93 2679 232 2727 Voss.
260 2696 298 2724 c.
329 2679 503 2729 schol„
524 2679 576 2722 it.
609 2679 746 2725 Voss.
779 2697 836 2728 1.‚
873 2679 1008 2723 Leid.
1036 2690 1094 2732 5.,
1127 2690 1174 2723 et
1193 2690 1319 2722 recte
1340 2676 1448 2721 hocv
1468 2677 1652 2722 varian-

96 2763 179 2809 dae
208 2765 441 2812 orationis
471 2780 608 2810 causa
635 2763 841 2826 praefert
871 2764 1093 2811 Oudend.
1150 2763 1297 2825 Vulg.
1329 2763 1593 2809 afferre.
