1878 3198
227 186 889 272 RHETIORICORUM
945 229 1102 273 LIB.
1143 230 1190 273 Ι.
1230 239 1313 283 52.
1354 241 1435 284 55.
1504 240 1519 251 “
1551 245 1665 297 355,

102 385 306 443 dendo,
370 397 462 435 aut
511 386 646 437 male
696 388 1062 455 respondendo
1113 388 1322 460 longius
1370 389 1653 457 procedere

29 530 34 536 ,
98 468 429 541 rogationem
480 489 587 521 non
637 474 778 522 sinit.
879 474 1052 540 Quare
1103 476 1306 523 ratione
1356 477 1650 545 rogationis

96 552 401 621 imprudens
418 555 492 605 ‘ab
522 573 584 607 eo
602 593 616 615 ,
656 557 802 626 quod
829 560 1114 616 concessit,
1154 560 1221 609 ad
1246 559 1331 616 id,
1373 560 1519 627 quod
1543 577 1651 609 non

98 640 210 691 vult
247 642 554 700 concedere,
609 643 940 693 deducendus
979 656 1071 694 est.
1145 646 1448 694 Extremum
1469 627 1649 693 ‘autem

96 737 187 774 aut
221 738 456 776 taceatur
494 740 734 794 oportet,
777 730 874 777 aut.
902 729 1249 787 concedatur,
1291 741 1382 779 aut
1411 742 1648 800 negetur.

96 810 154 860 Si
185 810 491 882 negabitur,
532 825 624 862 aut
663 813 986 863 ostendenda
1022 825 1102 863 est
1138 814 1432 864 similitudo
1471 832 1651 863 earum

93 913 298 955 rerum,
340 914 474 966 quae
499 910 620 947 ante
643 915 918 948 concessae
946 911 1096 958 sunt,
1153 912 1244 948 aut
1270 899 1372 948 alia
1394 901 1652 952 utendum:

20 999 25 1010 s
91 981 418 1032 inductione.
495 983 550 1032 Si
589 984 931 1043 concedetur,
984 984 1343 1035 concludenda
1380 997 1459 1034 est
1498 1003 1648 1056 argu-

90 1064 366 1116 mentatio.
455 1067 511 1116 Si
550 1067 840 1127 tacebitur,
881 1081 974 1119 aut
1012 1069 1267 1118 elicienda
1317 1082 1397 1141 est
1435 1087 1648 1136 respon-

91 1153 204 1211 sio;
257 1163 376 1210 aut,
401 1154 682 1223 Nquoniam
713 1155 1043 1202 taciturnitas
1082 1155 1321 1202 imitatur
1359 1171 1458 1203 con
1481 1151 1646 1203 'essio-

89 1253 238 1294 nem,
277 1254 374 1305 pro
404 1254 466 1286 eo
484 1273 498 1295 ‚
539 1254 599 1286 ac
623 1239 669 1287 si
693 1255 996 1287 concessum
1024 1240 1111 1295 sit,
1152 1238 1463 1288 concludere
1494 1256 1645 1305 opor-

87 1320 225 1372 tebit
276 1324 798 1393 argumentationem.
893 1325 974 1372 Ita
1022 1321 1090 1372 fit
1135 1322 1239 1374 hoc
1286 1341 1446 1394 genus
1493 1341 1645 1394 argu·
1698 1331 1704 1341 ¹

87 1407 360 1456 mentandi
399 1409 742 1475 tripartitum.
835 1410 1011 1457 Prima
1047 1426 1166 1475 pars
1202 1426 1261 1458 ex
1295 1409 1645 1459 similitudine

87 1503 297 1541 constat
333 1511 468 1550 una,
505 1491 826 1560 pluribusve.
913 1494 1091 1544 Altera
1131 1512 1190 1543 ex
1216 1512 1307 1552 eo,
1348 1494 1494 1563 quod
1521 1511 1643 1543 con·

87 1577 202 1626 cedi
237 1577 508 1634 volumus,
572 1579 722 1626 cuius
765 1586 919 1627 causa
961 1579 1332 1628 similitudines
1373 1577 1647 1628 adhibitae

84 1673 228 1711 sunt.
315 1663 492 1711 Tertia
528 1678 588 1710 ex
626 1662 992 1725 conclusione,
1055 1681 1190 1732 quae
1226 1675 1318 1712 aut
1358 1660 1643 1713 confirmat

86 1748 498 1809 concessionem,
538 1758 644 1804 aut,
685 1748 815 1817 quid
842 1736 988 1796 exea
1015 1745 1347 1807 conficiatur,
1389 1748 1638 1797 ostendit.

192 1844 277 1892 53.
319 1833 421 1882 Sed
458 1833 583 1901 quia
610 1850 718 1882 non
759 1834 885 1881 satis
925 1832 1084 1882 alicui
1115 1832 1383 1884 videbitur
1409 1833 1640 1883 dilucide

82 1917 532 1975 demonstratum,
573 1901 676 1967 nisi
714 1919 842 1986 quid
881 1935 941 1967 ex
980 1918 1122 1969 civili
1153 1935 1427 1967 causarum
1452 1935 1640 1988 genere.

82 2002 305 2069 exempli
349 2001 753 2051 subiecerimus:
816 2004 1028 2054 videtur
1078 2002 1387 2053 huiusmodi
1424 2018 1639 2071 quoque
1689 2024 1692 2028 ⁸

13 2137 18 2140 ,
79 2088 337 2137 utendum
388 2087 650 2155 exemplo,
716 2104 822 2136 non
870 2106 979 2158 quo
1026 2089 1328 2155 praeceptio
1389 2084 1634 2146 differat3

83 2184 175 2221 aut
224 2172 374 2222 aliter
416 2171 520 2222 hoc
563 2173 620 2221 in
660 2189 926 2232 sermone,
988 2185 1146 2243 atque
1192 2175 1248 2222 in
1300 2172 1523 2221 dicendo
1564 2173 1637 2242 sit

79 2258 364 2315 utendu1n;
430 2258 521 2307 sed
568 2269 628 2306 ut
676 2273 857 2308 eorum
905 2259 1168 2309 voluntati
1203 2254 1461 2314 satisfiat,
1520 2258 1632 2326 qui,

0 2385 6 2390 .
79 2342 227 2410 quod
277 2341 456 2411 aliquo
506 2343 562 2390 in
598 2342 717 2393 loco
755 2343 1013 2402 viderint,
1078 2344 1183 2393 alio
1222 2346 1278 2392 in
1316 2342 1467 2399 loco,
1531 2343 1636 2390 nisi

80 2438 462 2484 monstratum,
526 2440 794 2497 nequeunt
830 2445 1160 2499 cognoscere.
1258 2429 1399 2498 Ergo
1436 2430 1493 2476 in
1533 2425 1636 2476 hac

79 2527 264 2569 causa,
333 2528 467 2580 quae
515 2513 653 2578 apud
713 2515 938 2564 Graecos
988 2525 1066 2563 est
1111 2523 1418 2584 pervagata,
1485 2511 1633 2581 quod

74 2597 496 2662 Epaminondas,
538 2596 909 2649 Thebanorum
936 2600 1247 2665 imperator,
1288 2600 1367 2655 ei,
1407 2599 1501 2667 qui
1528 2596 1631 2646 sibi

79 2697 140 2729 ex
175 2680 287 2752 lege
322 2691 531 2749 praetor
570 2695 917 2741 successerat,
982 2684 1263 2732 exercitum
1313 2699 1421 2732 non
1470 2683 1630 2732 tradi-

80 2763 186 2822 dit,
241 2778 296 2816 et
334 2784 452 2816 cum
487 2784 685 2835 paucos
722 2770 977 2835 ipsedies
1017 2780 1199 2819 contra
1235 2770 1404 2840 legem
1441 2772 1627 2819 exerci-
