1924 3224
626 166 1320 259 cAP1uT1.-
1500 193 1720 237 'xm

150 379 289 419 reru
361 358 819 417 demonstrant.
951 358 1210 416 Etenim
1282 355 1720 436 Quintilianus

151 494 288 532 non
335 473 551 532 minus
599 494 799 532 errare
843 472 1091 552 potuit,
1156 472 1275 530 hos
1322 470 1522 530 libros
1570 477 1722 530 Cor-

150 587 384 647 nificio
440 587 760 659 tribuens,
823 608 1022 664 quam.
1057 567 1419 659 Priscianus
1467 607 1573 644 eos
1622 585 1724 643 Ci-

153 702 373 760 ceroni
417 692 789 782 assignans3
835 722 918 760 ne
962 701 1130 757 illud
1178 699 1580 758 ambitiosius
1627 721 1728 757 ur-

144 797 370 899 geam,
444 817 587 874 loca
654 815 769 872 illa
843 815 1263 895 Quintiliani,
1345 815 1417 871 in
1491 813 1725 892 quibus

155 930 583 990 Cornificium
639 930 915 1001 laudat,
961 929 1081 987 etsi
1150 929 1566 1006 probabiliter
1645 928 1724 986 ad

153 1046 355 1105 libros
419 1046 493 1102 ad
540 1044 940 1101 Herennium
993 1043 1160 1100 trahi
1216 1057 1522 1120 possunt,
1587 1062 1726 1118 non

153 1175 367 1219 tamen
429 1158 760 1216 excludere
820 1148 1079 1216 omnem
1137 1156 1476 1215 dubitandi
1530 1157 1724 1215 ratio·
1792 1202 1795 1205 -

153 1296 339 1346 nem,
388 1273 443 1332 si
489 1272 837 1354 cogitemus
885 1270 1033 1329 fieri
1078 1271 1392 1349 potuisse,
1455 1285 1530 1328 ut
1574 1275 1723 1330 Cor-

154 1387 368 1447 nificii
413 1387 575 1460 liber
622 1409 767 1445 cum
811 1387 992 1445 libr-is
1038 1387 1113 1444 aa
1145 1365 1546 1445 Herennium
1576 1406 1719 1443 ean-

157 1503 302 1561 dem
348 1502 430 1560 ob
478 1523 760 1574 causam,
827 1496 903 1559 ex
962 1522 1081 1580 qua
1137 1500 1499 1559 similitudo
1558 1500 1726 1558 inter

161 1617 647 1676 Herennianum
693 1630 753 1673 et
799 1616 1169 1673 Ciceronem
1218 1615 1295 1672 de
1341 1615 1725 1673 Inventione

157 1730 393 1803 fluxit,
441 1730 665 1789 multis
711 1730 871 1788 locis
920 1730 1308 1792 conveniret.

287 1851 580 1903 Ceterum
627 1858 946 1903 auctorem
1000 1844 1314 1902 librorum
1361 1842 1440 1900 ad
1484 1845 1725 1900 Heren—

158 1960 345 2019 nium
389 1960 493 2017 vel
538 1959 816 2038 primum
864 1959 1184 2029 omnium,
1230 1959 1350 2036 qui'
1385 1957 1554 2014 inter
1602 1962 1724 2015 La-

163 2074 338 2132 tinos
412 2088 607 2131 artem
665 2074 1043 2132 rhetoricam
1111 2071 1480 2148 scripserint
1549 2075 1729 2148 (post

163 2192 258 2246 M.
293 2193 593 2246 Catonem
640 2188 882 2246 scilicet
926 2202 989 2244 et
1022 2190 1113 2244 M.
1144 2185 1530 2255 Antonium,
1579 2204 1728 2262 quo·

166 2322 311 2360 rum
367 2279 515 2373 ill‘e,
577 2316 653 2358 ut
709 2301 795 2359 ait
842 2301 1111 2380 Quintil.
1177 2305 1292 2358 III.
1346 2320 1398 2355 1.
1447 2297 1727 2375 aliqua

164 2430 450 2486 tantum,
497 2415 602 2472 hic
628 2414 1074 2493 imperfectum
1133 2433 1292 2491 opus
1339 2411 1726 2489 scripserat),

166 2530 273 2588 vel
331 2529 499 2585 inter
550 2530 788 2607 primos
834 2528 1066 2597 fuisse,
1134 2528 1255 2585 hoc
1302 2526 1493 2583 etiam
1537 2525 1727 2583 nobis

166 2643 533 2721 persuadet,
595 2644 764 2720 quod
809 2662 1127 2721 nusquam
1172 2639 1305 2699 nisi
1350 2645 1729 2717 Graecorum

166 2755 250 2813 'de
311 2770 450 2817 arte
499 2757 878 2835 scriptorum
940 2755 1339 2815 mentionem
1409 2752 1590 2822 facit,
1667 2766 1730 2810 et

1091 2881 1098 2904 l
