1924 3224
1198 84 1203 104 ¹
1310 90 1319 111 t

1319 124 1328 144 χ
1344 130 1345 133 ,

270 271 368 303 110
438 230 446 244 “
717 216 1587 313 ΒΗξιΤΟᾙΙοοιὶυΜ

267 411 370 463 Sed
408 392 616 460 facilius
656 419 892 459 nostram
928 410 1191 461 rationem
1227 408 1516 484 intelliges,
1579 413 1645 464 'si
1646 397 1830 483 Prius,
1868 389 1871 392 Α
1911 396 1915 407 ’

265 497 400 567 quid
430 496 516 546 illi
552 495 762 554 dicant,
802 496 1868 566 cognove1is.‘

371 683 420 719 9..
462 628 834 734 Compluribus
859 667 923 718 de
949 669 1120 719 causis
1149 678 1342 736 putant
1365 561 1832 742 oporterdffium

220 803 225 805 c
261 756 367 823 ipsi
402 754 793 821 praeceperint,
856 768 964 822 quo
1013 766 1166 821 pacto
1220 766 1468 823 oporteat
1503 772 1691 807 ornare
1728 755 1833 816 elo-¹

210 831 212 834 ’
260 841 576 911 quntionem
594 874 610 898 ‚
673 840 1094 909 uniuscuiusque
1144 842 1346 910 generis
1385 839 1451 891 ab
1490 836 1701 891 oratore
1739 853 1833 891 aut

256 937 418 995 poeta
451 923 680 997 probato
719 916 953 975 sumtum
990 939 1185 993 ponere
1223 926 1535 994 exemplum.
1621 930 1692 998 Et
1725 929 1830 995 pri-

258 1029 406 1061 mum
468 1027 522 1060 se
588 1010 646 1061 id
695 1010 958 1060 modestia
1022 1022 1315 1062 commotos
1379 1009 1557 1063 facere*
1613 1012 1829 1071 dicunt,

255 1096 538 1166 propterea
591 1096 738 1166 quod
788 1097 1033 1148 videatur
1070 1113 1185 1146 esse
1223 1099 1511 1148 ostentatio
1550 1098 1837 1168 quaedam,'

257 1201 367 1233 non
405 1185 532 1232 satis
558 1180 785 1239 habere,
824 1183 1123 1249 praecipere
1163 1181 1228 1232 de
1265 1179 1528 1241 artificio,
1567 1183 1661 1234 sed
1685 1184 1830 1251 ipsos

258 1271 419 1318 etiam
457 1269 627 1318 videri
665 1266 794 1318 velle
832 1263 1121 1316 artificiose
1159 1268 1372 1338 gignere
1411 1267 1675 1335 exempla3
1724 1267 1837 1323 hoc.
1887 1273 1890 1281 ’

257 1365 369 1411 est,
409 1353 694 1422 inquiunt,
748 1363 1014 1401 ostentare
1053 1368 1136 1409 se,
1176 1368 1284 1400 non
1324 1353 1603 1402 ostendere
1641 1343 1828 1404 artem.

257 1438 436 1505 Quare
482 1438 657 1505 pudor
703 1437 760 1486 in
810 1438 998 1504 primis
1049 1447 1126 1487 est
1175 1436 1242 1486 ad
1292 1453 1409 1485 eam
1458 1454 1569 1487 rem
1607 1439 1827 1507 impedi·

254 1534 468 1580 mento,
528 1539 594 1572 ne
631 1526 729 1573 n'os
770 1515 922 1572 solos*
951 1520 1206 1588 probare,
1267 1538 1366 1571 nos
1423 1539 1630 1583 amare,
1674 1523 1827 1574 ‘alios

258 1620 594 1659 contemnere
644 1619 695 1657 et
735 1607 972 1658 deridere
1021 1606 1310 1658 videamur.
1395 1609 1610 1658 Etenim
1659 1626 1828 1679 quum

253 1696 524 1763 possimus
564 1692 628 1742 ab
668 1695 844 1743 Ennio
875 1703 1116 1742 sumtum
1155 1703 1247 1742 aut
1285 1710 1315 1741 a
1354 1690 1592 1743 Graccho
1630 1708 1827 1761 ponere

257 1780 580 1847 exemplum,
620 1779 829 1830 videtur
868 1795 980 1827 esse
1018 1778 1349 1847 arroganti-a,
1389 1776 1480 1826 illa
1507 1776 1823 1848 relinquere,

256 1876 309 1914 et
357 1866 425 1915 ad
475 1882 570 1913 sua
622 1864 882 1915 devenire.
972 1865 1247 1912 Praeterea
1299 1861 1533 1930 exempla
1583 1863 1822 1914 testimo—

254 1951 469 2000 niorum
506 1949 682 1998 locum
719 1946 979 1997 obtinent.
1054 1947 1116 1997 Id
1154 1948 1322 2006 enim,
1363 1947 1511 2017 quod
1537 1947 1822 1998 admonue-

253 2036 354 2093 rit,
409 2045 458 2083 et
506 2033 692 2085 leviter
738 2033 1063 2101 praeceperit
1113 2050 1196 2082 ars
1234 2044 1285 2083 et
1333 2035 1505 2092 ratio,
1565 2032 1822 2102 exemplo,

256 2122 394 2170 sicut
431 2120 773 2176 testimonio,
837 2116 1225 2185 comprobatur.
1317 2119 1438 2190 Non
1493 2120 1660 2188 igitur
1694 2111 1822 2170 ridi·

256 2205 405 2255 culus
444 2206 542 2264 sit,
605 2206 649 2253 si
687 2206 809 2274 quis
847 2205 903 2252 in
940 2203 1064 2263 lite,
1126 2216 1217 2254 aut
1252 2206 1308 2254 in
1346 2205 1578 2265 iudicio,
1645 2203 1822 2256 dome-

256 2292 388 2340 stico
438 2292 748 2340 testimonio
800 2300 1027 2360 pugnet,
1091 2301 1144 2339 et
1205 2307 1302 2340 suo
1364 2291 1530 2359 ipsius
1583 2289 1821 2358 exemplo

256 2374 546 2426 abutatur?
616 2377 688 2426 Ut
737 2377 878 2424 enim
923 2377 1317 2436 testimonium,
1380 2378 1457 2425 sic
1506 2375 1820 2445 exemplum,

254 2462 332 2510 rei
371 2458 762 2511 confirmandae
800 2477 954 2511 causa
991 2461 1235 2510 sumitur.
1321 2464 1442 2513 Non
1492 2478 1616 2532 ergo
1638 2467 1642 2476 ¹
1665 2477 1820 2528 opor·

256 2554 336 2593 tet
357 2542 491 2602 hoe,
533 2548 636 2595 nisi
675 2564 704 2594 a
740 2546 1119 2614 probatissimo
1160 2548 1324 2605 sumi,
1365 2563 1459 2605 ne,
1500 2544 1647 2615 quod
1673 2544 1820 2596 aliud

258 2627 574 2679 confirmare
636 2631 854 2691 debeat,
928 2643 1076 2703 egeat
1134 2633 1308 2699 ipsum
1376 2627 1818 2682 confirmationis.

255 2716 468 2764 Etenim
507 2733 714 2766 necesse
753 2729 830 2767 est
867 2729 959 2767 aut
997 2735 1050 2768 se
1089 2716 1335 2767 omnibus
1373 2726 1726 2783 anteponant,
1766 2725 1821 2765 et

258 2816 352 2849 sua
390 2802 614 2850 maxime
651 2806 907 2874 probent;
948 2814 1039 2855 aut
1062 2814 1252 2874 negent
1275 2804 1617 2872 optima-esse
1651 2815 1815 2850 exem·
