1878 3198
1527 47 1551 70 l

203 230 306 276 An
359 227 856 274 HERENNwM
922 203 1081 273 LI'B.
1125 219 1222 276 1v'.
1266 240 1345 287 29.
1388 239 1470 283 50.
1557 243 1655 297 147

89 402 263 452 tamen
312 386 380 440 ad
427 387 846 448 misericordiam
897 387 1327 439 commovendam
1377 387 1650 440 vehemens

87 478 291 530 tissime
328 487 408 525 est
445 473 923 524 accommodatum.

193 558 570 622 Dubitatio
620 569 729 615 est,
793 575 960 627 quum
1000 575 1252 627 quaerere
1287 560 1500 611 videtur
1539 578 1650 610 ora-

87 657 203 704 tor,
262 656 443 694 utrum
479 644 544 694 de
585 642 797 692 duobus
835 644 1044 709 potius,
1095 653 1185 692 aut
1221 645 1352 714 quid
1391 646 1455 696 de
1491 646 1651 713 plur-i·

87 729 189 783 hus
235 731 574 798 potissimum
624 728 794 785 dicat,
858 725 962 777 hoc
1009 728 1200 778 modo:
1288 729 1532 788 „Obfuit
1589 749 1652 783 eo

89 827 324 882 tempore
362 814 649 882 plurimum
687 811 1006 879 reipublicae
1060 812 1335 863 consulum
1376 818 1485 868 sive
1524 815 1652 866 stul·

88 903 296 958 titiam,
356 901 466 950 sive
503 899 762 948 malitiam
801 899 972 948 dicere
1010 910 1249 965 oportet,
1302 902 1413 951 sive
1450 913 1650 950 utrum-

88 1002 210 1056 que.
228 992 266 1017 “
350 987 511 1034 Item:
575 986 706 1040 „Tu
755 983 898 1033 istud
933 1001 1090 1033 ausus
1143 1001 1194 1033 es
1235 984 1437 1043 dicere,
1486 984 1650 1036 homo

90 1072 328 1122 omnium
368 1067 714 1119 mortalium?
775 1086 897 1116 nam
935 1084 1043 1136 quo
1081 1079 1163 1126 te,
1216 1068 1377 1140 digno
1415 1069 1653 1121 moribus

89 1157 194 1205 tuis
209 1189 226 1214 ,
264 1154 517 1223 appellem
555 1155 768 1202 nomine
781 1152 807 1203 (ἓ
824 1161 858 1183 “

193 1239 564 1306 Expeditio
605 1250 711 1296 est,
751 1256 917 1307 quum
954 1237 1252 1290 rationibus
1291 1238 1652 1308 compluribus

90 1325 440 1381 enumeratis,
505 1322 700 1392 quibus
745 1322 929 1392 aliqua
975 1341 1057 1372 res
1110 1336 1201 1374 aut
1251 1322 1371 1374 fieri
1416 1338 1508 1376 aut
1544 1342 1654 1377 non

89 1407 209 1460 fieri
259 1410 521 1478 potuerit,
586 1421 785 1458 ceterae
832 1407 1123 1466 tolluntur,
1172 1428 1278 1459 una
1314 1410 1651 1481 relinquitur,

91 1514 251 1566 quam
300 1512 398 1545 nos
454 1495 809 1552 intendimus,
859 1493 963 1544 hoc
1000 1494 1190 1544 modo:
1246 1496 1515 1553 „Necesse
1557 1509 1652 1558 est,

89 1598 257 1650 quum
295 1590 502 1629 constet
535 1581 696 1629 istum
719 1577 945 1628 fundum
975 1590 1215 1628 nostrum
1243 1577 1440 1638 fuisse,
1481 1594 1654 1631 osten-

90 1666 215 1723 das,
254 1677 308 1714 te
344 1676 439 1714 aut
475 1681 699 1723 vacuum
739 1664 1068 1731 possedisse,
1121 1677 1213 1714 aut
1250 1682 1354 1716 usu
1389 1678 1542 1715 tuum
1580 1663 1653 1716 fe·

91 1751 254 1807 cisse,
295 1760 387 1798 aut
424 1750 634 1806 emisse,
675 1759 766 1796 aut
800 1747 1095 1798 hereditate
1131 1747 1233 1798 tibi
1260 1752 1479 1802 venisse.
1555 1754 1654 1805 Va-

92 1851 270 1892 cuum,
312 1852 477 1904 quum
515 1831 612 1905 ego
650 1835 901 1891 adessem,
941 1834 1213 1902 possidere
1250 1853 1359 1887 non
1395 1839 1651 1905 potuisti;

91 1933 245 1971 tuum
286 1937 387 1969 usu
410 1917 610 1968 ,fecisse
647 1921 932 1968 etiamnum
959 1937 1069 1970 non
1100 1932 1279 1987 potes3
1322 1925 1487 1972 'emtio
1511 1923 1654 1972 nulla

88 2001 391 2074 profertum
450 2003 742 2054 hereditate
778 2003 910 2062 tibi,
950 2022 1034 2054 me
1071 2007 1228 2064 νίνο,
1277 2023 1393 2056 mea
1428 2009 1652 2074 pecunia

91 2091 269 2138 venire
306 2107 415 2139 non
449 2091 641 2156 potuit.
715 2089 1054 2159 Relinquitur
1084 2107 1240 2160 ergo,
1280 2103 1342 2140 ut
1377 2108 1466 2140 mev
1497 2094 1551 2143 vi
1588 2092 1655 2142 de

92 2191 211 2224 meo
250 2172 418 2224 fundo
457 2175 764 2223 deieceris.“
857 2176 994 2223 Haec
1042 2176 1315 2226 exornatio
1365 2175 1651 2242 plurimum

93 2258 298 2310 iuvabit
356 2259 732 2309 coniecturales
797 2262 1296 2336 argumentationes.
1394 2261 1496 2311 Sed
1544 2279 1653 2314 non

94 2346 223 2402 erit,
263 2355 513 2412 tanquam
550 2345 606 2392 in
643 2344 931 2415 plerisque,
972 2356 1060 2403 ut,
1101 2363 1265 2413 quum
1302 2344 1553 2404 velimus,
1593 2354 1652 2396 'ea

20 2498 22 2502 Α
92 2430 357 2499 possimus
397 2430 495 2478 uti.
568 2431 702 2479 Nam
735 2428 906 2479 facere
944 2431 999 2480 id
1037 2447 1143 2480 nou
1181 2433 1491 2496 poterimus,
1548 2434 1653 2482 uisi

94 2512 250 2564 nobis
287 2515 401 2581 ipsa
438 2516 639 2583 negotii
674 2527 862 2564 natura
899 2514 1048 2565 dabit
1083 2513 1405 2564 facultatem.

198 2610 284 2657 50.
335 2598 734 2650 Dissolutio
785 2612 892 2658 est,
958 2617 1120 2670 quae,
1188 2599 1652 2651 coniunctionibus

95 2681 380 2733 verborum
416 2700 443 2732 e
482 2683 658 2733 medio
697 2684 950 2742 sublatis,
1009 2683 1247 2752 partibus
1286 2688 1540 2752 separatis
1580 2683 1652 2734 ef·

96 2765 296 2825 fertur,
355 2766 459 2819 hoc
499 2769 690 2819 modo:
759 2771 945 2828 „Gere
1000 2786 1201 2821 morem
1239 2772 1473 2838 parenti,
1528 2785 1654 2837 pare
