1878 3198
239 249 343 296 510
546 197 549 212 ⁴
738 233 776 276 c
808 235 830 275 1
861 233 899 278 c
929 234 971 276 E
1001 235 1044 276 R
1074 232 1120 278 o
1149 233 1198 280 N
1229 235 1253 276 1
1282 232 1312 277 s
1458 197 1460 201 ἵ
1495 215 1645 304 335,

241 397 354 446 eius
396 389 600 468 generis
623 407 904 463 praecepta
927 393 1112 444 licebit
1137 392 1244 445 huc
1268 392 1384 462 p'ari
1411 371 1812 447 ratidfi'e‘trans·
1861 387 1866 396 ¹

240 479 393 549 ferre.
495 483 630 532 Nam
665 484 960 531 accusatori
993 483 1216 530 maxime
1265 493 1343 533 est
1393 483 1450 531 in
1491 480 1603 533 hoc
1636 481 1813 532 elabo-

239 569 497 627 randum,
565 581 627 619 ut
664 569 721 618 id
758 570 934 636 ipsum
974 565 1204 628 factum,
1234 552 1483 641 ‘p1'opter
1522 569 1668 638 quod
1697 567 1814 647 'sibi

236 670 357 702 reus
394 655 615 703 concedi
651 665 807 722 putat
846 666 1122 720 oportere,
1179 671 1348 723 quam⁴
1379 653 1627 722 plurimis
1662 648 1813 702 infir·

237 750 344 788 met
369 739 685 790 rationibus.
764 740 927 806 Quod
952 738 1265 804 facileerit,
1305 742 1351 790 si
1383 757 1542 809 quam
1566 739 1812 807 plurimis

237 825 712 875 constitutionibus
754 827 1089 897 aggredietur
1124 826 1180 875 id
1218 823 1537 892 improbare„

265 946 269 950 ·
342 911 463 977 Ipsa
505 922 681 960 autem
723 914 1081 981 comparatio,
1143 916 1386 979 separata
1428 929 1457 960 a
1503 913 1687 961 ceteris
1729 919 1812 983 ge·

199 994 451 1045 'neribus
503 999 1015 1055 controversiarum,
1081 999 1158 1046 sic
1195 1014 1266 1046 ex
1307 997 1430 1046 sua
1465 1000 1532 1049 vi
1571 998 1811 1047 conside-

232 1081 470 1139 rabitur,
508 1084 554 1131 si
591 1082 755 1141 illud,
796 1084 943 1152 quod
983 1081 1406 1150 comparabitur,
1454 1094 1548 1133 aut
1586 1097 1694 1133 non
1717 1081 1811 1134 ho·

233 1179 475 1226 nestum,
516 1181 610 1218 aut
647 1187 756 1219 non
785 1169 945 1228 utile,
988 1181 1080 1219 aut
1108 1187 1217 1228 non
1243 1152 1809 1236 necessarium‘fuisse,
1842 1154 1844 1158 ,

235 1266 326 1302 aut
361 1271 469 1303 non
505 1266 785 1322 tantopere
821 1255 981 1314 utile,
1050 1267 1141 1304 aut
1191 1273 1299 1305 non
1337 1266 1622 1322 tantopere,
1648 1253 1813 1306 hone·

220 1349 407 1403 smm,
451 1351 541 1389 aut
578 1359 687 1391 non
726 1352 1003 1409 tantopere
1041 1343 1393 1390 necessarium
1423 1339 1810 1410 demonstrabi-

232 1436 339 1474 tur.
414 1426 618 1475 Deinde
647 1438 857 1494 oportet
893 1438 1284 1484 accusatorem,
1323 1425 1485 1483 illud,
1525 1425 1673 1496 quod
1698 1429 1812 1493 ipse

232 1513 438 1583 arguit,
480 1511 545 1561 ab
584 1530 676 1570 eo,
719 1513 867 1582 quod
905 1510 1155 1563 defensor
1196 1523 1498 1579 comparat,
1545 1527 1806 1579 separare.

229 1598 293 1648 Id
336 1610 512 1647 autem
554 1595 742 1656 faciet,
783 1599 831 1647 si
870 1597 1289 1656 demonstrabit,
1329 1614 1438 1647 uon
1473 1598 1551 1647 ita
1574 1593 1697 1646 fieri
1724 1613 1810 1647 so-

228 1684 364 1753 lerer,
405 1701 575 1754 neque
613 1691 896 1751 oportere,
931 1701 1102 1754 neque
1139 1701 1251 1733 esse
1290 1685 1581 1740 rationem,
1613 1681 1808 1752 'quare
1865 1745 1877 1757 θ

228 1769 333 1820 hoc
367 1782 585 1838 propter
611 1770 714 1820 hoc
742 1769 870 1828 fiat,
911 1783 1003 1828 ut,
1046 1781 1267 1837 propter
1302 1768 1525 1818 salutem
1552 1767 1806 1827 militum,
1863 1774 1878 1873 ε

230 1873 321 1912 ea,
387 1872 522 1924 quae
561 1855 747 1904 salutis
789 1873 946 1904 causa
985 1865 1291 1920 comparata
1339 1866 1495 1912 sunt,
1559 1851 1805 1903 hostibus

228 1941 524 1990 tradantur.
610 1942 801 1990 Postea
835 1956 1139 2007 comparare
1179 1938 1451 2006 oportebit
1491 1956 1613 1988 cum
1650 1937 1805 1988 bene-

226 2023 358 2076 ficio
396 2021 751 2082 maleficium,
819 2036 873 2074 et
925 2026 1145 2074 omnino
1195 2025 1280 2083 id,
1343 2024 1491 2095 quod
1544 2026 1823 2096 arguitur,

227 2129 350 2161 cum
392 2128 486 2170 eo,
527 2111 674 2181 quod
713 2107 915 2159 factum
957 2108 1022 2158 ab
1064 2107 1343 2160 defensore
1379 2110 1660 2169 laudatur,
1713 2120 1814 2161 aut,

226 2194 530 2248 faciendum
560 2196 726 2247 fuisse
754 2197 1178 2254 demonstratur,
1235 2197 1584 2255 contendere,
1625 2207 1678 2246 et
1699 2194 1805 2246 hoc

226 2283 577 2341 extenuando,
608 2278 861 2331 maleficii
887 2282 1307 2351 magnitudinem
1336 2281 1497 2331 simul
1522 2282 1799 2352 adaugere.
1838 2289 1867 2339 J

225 2368 286 2418 Id
312 2365 433 2416 fieri
468 2371 697 2435 poterit,
739 2369 784 2417 si
822 2366 1304 2425 demonstrabitur,
1346 2366 1659 2426 honestius,
1700 2367 1874 2465 uti-h*

223 2453 359 2510 lius,
399 2456 567 2524 magis
590 2455 942 2503 necessarium
967 2450 1133 2502 fuisse
1163 2453 1235 2510 id,
1277 2452 1424 2522 quod
1449 2446 1631 2504 vitarit
1658 2467 1798 2509 reus,

225 2557 384 2608 quam
422 2539 585 2596 illud,
627 2540 772 2609 quod
812 2536 1011 2587 fecerit.
1089 2541 1310 2588 Honesti
1344 2549 1550 2596 autem,
1608 2549 1660 2587 et
1697 2538 1801 2597 uti·
1867 2586 1878 2609 Ἴ

222 2624 318 2682 lis,
385 2637 438 2674 et
486 2626 769 2674 necessarii
820 2626 901 2675 vis
951 2634 1005 2673 et
1052 2636 1242 2673 natura
1291 2626 1347 2673 in
1401 2617 1800 2673 deliberationis
1857 2627 1878 2674 ’,“

221 2712 516 2777 praeceptis
565 2709 952 2780 cognoscetur.'
1045 2710 1249 2758 Deinde
1302 2708 1572 2776 oportebit
1630 2709 1800 2775 ipsam
1864 2758 1878 2763 ‚¹

222 2794 366 2845 illam
413 2798 827 2863 comparativam
877 2794 1260 2845 iudicationem
1320 2809 1610 2861 exponere,
1684 2803 1798 2843 tan—
