1924 3224
1661 192 1677 213 l

211 252 312 299 AD
371 246 875 304 HERENNIUM
931 239 1090 290 ΜΒ.
1134 245 1261 289 111.
1307 261 1387 307 19.
1429 260 1511 295 20.
1603 268 1678 319 99

102 430 317 486 parare:
376 425 556 464 tamen
607 412 653 461 si
689 411 807 480 quis
847 408 915 459 ad
948 410 1050 459 ista
1099 409 1228 458 satis
1268 410 1492 462 idoneos
1531 406 1675 463 invess

102 505 217 553 nire
257 518 318 552 ‘se
367 498 476 550 non
522 496 762 566 putabit,
827 497 941 562 ipse
984 493 1087 544 sibi
1134 492 1480 555 constituat,
1513 513 1675 565 quam

103 587 248 640 volet
282 585 509 642 multos,
549 581 744 632 licebit.
832 581 1099 651 Cogitatio
1138 583 1279 629 enim
1316 582 1558 651 quamvis
1596 597 1677 629 re-

104 675 318 744 gionem
352 679 529 738 potest
568 665 840 733 amplecti,
883 676 936 714 et
971 667 1027 714 in
1070 682 1130 714 ea
1167 667 1329 715 situm
1365 665 1472 715 loci
1500 666 1675 714 cuius-

106 758 243 808 dam¹
266 756 331 806 ad
369 771 523 804 suum
560 751 898 802 commodum
938 762 990 800 et
1027 750 1310 800 arbitrium
1347 749 1678 803 fabricarier:

103 841 456 892 architectari.
560 838 736 903 Quare
772 836 980 894 licebit,
1055 837 1102 885 si
1134 834 1233 885 hac
1270 849 1482 904 promta
1521 837 1677 904 copia

107 928 346 978 contenti
369 943 477 975 non
503 925 728 979 erimus,
779 921 1133 987 nosmetipsos
1161 920 1318 971 nobis
1348 923 1677 993 cogitatione

105 1012 586 1080 iiostrapregionem
613 1008 964 1064 constituere,
1003 1017 1055 1054 et
1083 1006 1400 1057 idoneorum
1433 1007 1678 1056 locorum

107 1095 595 1147 commodissimam
623 1092 1019 1141 distinctionem
1049 1108 1368 1158 comparare.
1435 1090 1518 1140 De
1543 1091 1676 1140 locis

106 1184 237 1232 satis
290 1181 491 1230 dictum
547 1189 655 1227 est:
741 1192 882 1225 nunc
936 1176 1004 1226 ad
1064 1177 1357 1247 imaginum
1412 1177 1676 1226 rationem

105 1278 453 1322 transeamus.

161 1336 166 1341 ⁶
215 1366 299 1402 20.
352 1351 620 1416 Quoniam
648 1366 772 1420 ergo
802 1360 852 1398 et
875 1368 1052 1400 rerum
1079 1348 1359 1399 simulacra
1384 1366 1498 1399 esse
1523 1366 1676 1418 opor-

105 1450 215 1496 tet,
252 1449 311 1492 ¹et
348 1435 521 1487 verbis
559 1446 770 1485 nosmet
813 1446 966 1485 notas
1007 1436 1196 1506 eligere
1236 1435 1516 1495 debemus,
1583 1437 1677 1486 du·

104 1523 267 1591 plices
307 1523 560 1591 imagines
602 1537 715 1569 esse
759 1518 980 1579 debent,
1045 1537 1180 1569 unae
1218 1538 1427 1579 rerum,
1484 1520 1678 1571 alterae

105 1608 408 1660 verborum.
472 1603 729 1655 'Rerum
767 1605 1023 1675 imagines
1065 1617 1468 1676 expromuntur,
1512 1624 1676 1675 quum

108 1694 415 1743 summatim
444 1691 694 1757 'ipsorum
740 1691 1077 1759 negotiorum
1115 1686 1489 1741 similitudines
1537 1708 1676 1740 com-

106 1792 395 1846 paramus:
479 1775 856 1825 verborum‘
916 1776 1171 1844 imagines
1245 1777 1674 1834 constituuntur,

108 1881 277 1933 quum
311 1862 733 1930 uniuscuiusque
781 1861 1012 1909 nominis
1050 1871 1102 1909 et
1138 1858 1384 1912 vocabuli
1421 1862 1676 1911 memoria

111 1946 462 1997 similitudine
501 1956 732 1996 notatur.
831 1946 929 1996 Rei
965 1946 1132 1995 totius
1172 1947 1482 1995 memoriam
1524 1963 1678 2014 saepe

110 2051 218 2082 una
269 2043 429 2089 nota,
492 2042 543 2080 et
587 2032 816 2101 imagine
874 2029 1103 2098 simplici
1151 2030 1675 2098 comprehendemus,

109 2115 217 2168 hoc
255 2117 469 2166 modo:
521 2118 622 2172 Ut,
677 2117 724 2164 si
762 2128 1036 2166 accusator
1072 2117 1291 2174 dlxerit‚
1345 2114 1413 2165 ab
1451 2134 1542 2166 reo
1580 2114 1676 2166 ho-

110 2204 307 2251 minem
356 2217 556 2253 veneno
605 2212 880 2259 necatum,
947 2213 998 2250 et
1046 2199 1356 2252 hereditatis
1398 2219 1555 2250 causa
1599 2197 1675 2250 fa-

39 2304 42 2306 *
114 2298 258 2336 ctum
301 2288 566 2356 arguerit,
606 2296 657 2335 et
695 2287 806 2335 eius
846 2287 924 2335 rei
962 2286 1157 2337 multos
1203 2287 1393 2336 dixerit
1429 2297 1587 2335 testes
1615 2297 1679 2342 <et
1730 2274 1736 2278 ⁴

114 2373 353 2422 conscios
385 2387 522 2420 esse:
579 2372 625 2419 si
664 2369 769 2421 hoc
806 2373 1066 2439 primum,
1107 2382 1168 2420 ut
1196 2371 1263 2420 ad
1289 2368 1677 2421 defendendum

114 2456 271 2507 nobis
311 2455 610 2523 expeditum
645 2457 745 2514 sit,
784 2458 1085 2505 meminisse
1113 2455 1381 2516 volemus;
1418 2458 1475 2506 in
1501 2458 1676 2524 primo

112 2542 234 2592 loco
283 2544 361 2590 rei
405 2542 574 2590 totius
625 2542 908 2610 imaginem
957 2538 1438 2601 conformabimus;
1497 2558 1676 2611 aegro-

113 2637 231 2676 tum
267 2628 324 2675 in
361 2625 500 2675 lecto
540 2624 820 2674 cubantem
860 2623 1113 2675 faciemus
1149 2628 1324 2692 ipsum
1362 2626 1544 2684 illum,
1611 2625 1676 2674 de

116 2727 227 2780 quo
259 2723 474 2781 agetur,
514 2712 560 2759 si
586 2704 812 2759 formam
841 2713 952 2759 eius
985 2709 1311 2770 tenebimus;
1353 2713 1398 2760 si
1425 2728 1543 2760 eum
1568 2727 1678 2759 non

118 2798 548 2864 cognoverimus,
612 2796 839 2865 aliquem
875 2805 1148 2866 aegrotum
1199 2813 1310 2846 nonv
1347 2797 1413 2846 de
1454 2796 1676 2845 minimo
