1878 3198
178 182 383 288 '306‘
564 214 582 270 ἶ
733 217 1306 268 CICERONIS

237 384 471 434 motiora
508 394 665 444 'sunt3
707 386 772 435 ad
815 385 1235 435 similitudinem·
1254 399 1382 437 vero
1423 368 1685 457 aliquam,
1723 379 1836 438 autx

237 470 306 519 ad
332 476 443 519 rem
482 468 919 542 amplificandam
948 489 1101 539 saepe
1119 466 1251 520 sunt
1275 468 1569 535 inferenda.
1605 492 1608 497 ’
1643 474 1826 524 Con

235 556 640 605 suetudinis
691 566 867 606 autem
923 559 1031 618 ius
1081 573 1223 607 esse
1254 569 1488 626 putatur
1517 551 1642 616 id'
1668 557 1818 637 quod
1867 560 1870 566 ’

233 641 507 691 voluntate
547 643 787 691 omnium
837 643 949 691 sine
993 641 1107 713 lege
1146 653 1394 693 vetustas
1430 632 1819 712 comprobariti

234 727 296 776 In
343 743 416 775 eo
459 738 634 775 autem
685 729 802 800 iuia
855 739 980 777 sunt
1019 728 1281 797 quaedam
1333 731 1485 796 ipsa
1530 731 1650 780 iam
1675 731 1818 778 oeni!

232 824 451 879 propter
474 797 821 871 vetustatem3
872 831 980 883 quo
1010 815 1063 862 in
1091 831 1280 884 genere
1306 825 1358 863 et
1393 813 1498 863 alia
1521 811 1647 863 sunt
1681 810 1816 863 mule
1872 828 1874 830 ·

233 908 319 956 ta,
373 909 423 946 et
460 914 646 946 eorum
684 897 850 947 multo
891 901 1121 951 maxima
1157 917 1312 968 pars,
1358 912 1509 969 quae
1545 910 1816 967 praetores

238 984 444 1033 edicere
484 995 901 1043 consueverunt3
941 985 1202 1054 quaedam
1230 988 1406 1034 autem
1446 1001 1701 1056 gener-a
1737 985 1816 1058 iu}-

233 1071 307 1119 ris
349 1072 510 1118 etiam
551 1081 692 1118 certa
732 1071 1119 1120 consuetudine
1158 1069 1298 1120 facta
1337 1081 1491 1131 sunt3
1548 1070 1818 1142 quod-ge-

236 1174 335 1203 nus
362 1166 606 1222 pactum,
646 1174 770 1222 par,
811 1156 1130 1206 iudicatum.
1206 1159 1484 1206 Pactum
1521 1167 1627 1214 est,
1655 1155 1816 1226 *quod

234 1241 373 1288 inter
412 1240 618 1308 aliquos
659 1237 935 1298 convenit,
978 1243 1125 1310 quod
1166 1244 1273 1290 iam
1311 1243 1386 1291 ita
1427 1243 1631 1291 iustum
1663 1252 1815 1308 puta-
1868 1266 1871 1272 >

234 1329 339 1382 fur,
381 1337 439 1373 ut
462 1327 576 1373 iure
603 1338 868 1392 praestare
894 1327 1116 1376 dicatur.
1182 1329 1336 1385 Par,
1377 1326 1523 1395 quod
1548 1328 1603 1375 in
1631 1341 1815 1376 omnes

235 1410 511 1479 aequabile
551 1423 646 1461 est.
724 1413 1147 1470 Iudicatum,
1190 1412 1254 1462 de
1279 1429 1390 1481 quo
1417 1413 1525 1460 iam
1551 1423 1672 1461 ante
1701 1428 1837 1474 sen·v

233 1499 400 1546 tentia
425 1497 666 1555 alicuius,
707 1510 798 1563 aut
825 1498 1133 1567 aliquorum
1154 1499 1509 1550 constitutum
1531 1509 1628 1548 est.
1702 1499 1816 1547 Iam

233 1585 383 1632 iura
420 1583 737 1651 legitima
765 1601 825 1632 ex
848 1583 1054 1654 legibus
1084 1585 1337 1654 cognosci
1363 1581 1651 1650 oportebit.
1718 1584 1814 1633 His

233 1686 358 1740 ergo
387 1686 447 1717 ex
473 1668 714 1736 partibus
741 1671 871 1718 iuris
887 1706 901 1727 ‚
947 1669 1215 1738 quidquid
1241 1680 1333 1717 aut
1357 1685 1418 1725 ex
1446 1670 1561 1736 ipsa
1586 1686 1642 1719 re
1666 1704 1693 1727 ,,
1719 1679 1816 1719 aut

234 1771 294 1804 ex
334 1754 528 1812 simili,
569 1766 661 1803 aut
701 1763 762 1802 ex
798 1756 1000 1804 maiore
1039 1756 1310 1805 minoreve
1347 1755 1492 1803 nas'ci
1521 1752 1814 1812 videbitur,

233 1840 533 1896 attendere,
587 1851 746 1907 atque
775 1839 959 1886 elicere
997 1840 1347 1905 pertentando
1381 1848 1812 1907 unamquamque
1872 1863 1874 1866 ·

231 1937 434 1993 partem
475 1926 606 1973 iulis
661 1922 944 1991 oportebit.
1045 1925 1309 1974 Locmum
1357 1935 1534 1973 autem
1575 1927 1812 1974 commu·
1876 1975 1878 1978 Α

233 2014 412 2066 nium,
453 2010 710 2078 quoniam
752 2011 844 2071 (ut
881 2020 1003 2057 ante
1044 2009 1246 2058 dictum
1285 2012 1400 2075 est)
1441 2010 1548 2059 duo
1576 2019 1701 2058 sunt
1729 2025 1819 2080 ge*

234 2113 389 2153 nera,
453 2112 683 2164 quorum
722 2094 941 2142 alterum
983 2094 1176 2145 dubiae
1212 2098 1318 2155 rei,
1371 2095 1597 2145 alterum
1643 2088 1814 2143 certae

235 2183 473 2230 continet
514 2177 1015 2247 amplificationem,
1058 2182 1189 2250 quid
1229 2184 1342 2248 ipsa
1385 2197 1542 2241 causa
1581 2179 1698 2238 det,
1760 2189 1814 2229 et
1868 2190 1878 2210 ’-

235 2268 366 2336 quid
404 2268 582 2336 augeri
618 2283 710 2333 per
752 2283 1085 2316 communem
1141 2255 1527 2332 locumspossit
1566 2276 1618 2313 et
1657 2271 1811 2332 opor·
1876 2267 1878 2269 ’

234 2364 375 2410 teat,
417 2351 858 2401 considerabitur.
944 2352 1077 2400 Nam
1109 2355 1266 2409 certi,
1320 2353 1497 2420 quiin
1525 2367 1705 2400 omnes
1734 2351 1812 2399 iw
1865 2416 1867 2423 A

236 2440 447 2497 eidam,
487 2438 621 2495 loci,
676 2435 961 2504 praescribi
1002 2455 1107 2485 non
1143 2449 1398 2504 possunt:
1449 2437 1506 2486 in
1543 2435 1812 2504 plenisque
1858 2452 1878 2493 κζ

235 2521 462 2573 fortasse
500 2522 565 2572 ab
605 2526 918 2573 auctoritate
959 2521 1490 2579 iurisconsultorum,
1533 2531 1811 2571 etnicontra

236 2611 607 2658 auctoritatem
646 2610 751 2658 dici
792 2599 1075 2675 oportebit.
1167 2607 1566 2657 Attendendum
1608 2617 1685 2656 est
1723 2623 1878 2673 au-gff

235 2706 342 2744 tem
394 2706 446 2743 et
485 2696 539 2742 in
580 2694 707 2754 hac,
773 2706 826 2743 et
873 2696 927 2743 in
965 2693 1241 2750 omnibus,
1323 2711 1450 2741 num
1487 2709 1623 2761 quos
1663 2691 1810 2742 locos

237 2798 569 2838 communes,
609 2794 817 2849 praeter
843 2796 964 2839 808,
1005 2797 1142 2848 quos
1171 2782 1538 2846 exposuimus,
1577 2779 1692 2844 ipsa
1727 2793 1817 2828 res
1868 2799 1871 2802 >
