1878 3198
287 217 947 266 aHEToRicoaUM
1003 218 1162 262 LIB.
1220 220 1293 262 11.
1350 228 1430 274 25.
1529 217 1683 281 511<

75 401 235 453 quam
271 399 483 433 causam
523 379 952 438 deliberativam,
1004 391 1054 429 et
1092 381 1156 430 de
1195 398 1256 430 ea
1294 398 1354 430 ex
1379 380 1643 431 delibera·

71 471 237 519 tionis
285 469 577 536 praeceptis
629 464 873 534 deinceps
924 468 1112 517 diceie.
1202 467 1285 516 Sit
1333 469 1472 515 enim
1518 465 1647 515 haec

74 555 360 611 iudicatio,
401 571 563 622 quam
602 565 723 602 ante
761 555 1129 619 exposuimus·
1193 555 1424 616 „Quum
1462 569 1646 601 omnes

74 641 296 708 perituri
332 639 526 688 milites
565 649 771 695 essent,
813 640 919 686 nisi
957 639 1024 687 ad
1060 637 1197 687 hanc
1234 639 1533 714 pactionem
1563 653 1648 688 ve·

76 728 268 782 nisset,
324 707 513 773 ¹utrum
555 725 721 772 satius
761 720 920 772 fuerit
976 725 1146 789 perire
1186 722 1409 779 milites,
1475 741 1539 771 an
1582 722 1649 771 ad

75 808 221 860 hanc
246 811 546 878 pactionem
582 811 820 859 venire.‘-‘
898 810 1009 857 Hoc
1041 825 1101 856 ex
1141 807 1274 857 locis
1311 795 1650 858 deliberatio·

77 898 188 954 nis,
252 898 406 966 quasi
459 895 692 964 aliquam
745 896 802 944 in
850 893 1300 944 consultationem
1335 911 1427 962 res¹
1452 895 1647 952 veniat,

77 984 293 1032 tractari
333 980 618 1048 oportebit.

184 1106 446 1159 Defensor
483 1118 689 1166 autem,
748 1107 942 1179 quibus
982 1111 1037 1158 in
1072 1109 1204 1159 locis
1245 1109 1311 1159 ab
1350 1093 1653 1159 accusatore

78 1194 213 1244 aliae
255 1196 671 1245 constitutiones
693 1192 848 1243 erunt
876 1195 1126 1247 inductae
1144 1232 1158 1253 ‚
1197 1197 1253 1244 in
1282 1197 1346 1243 iis
1384 1197 1496 1262 ipse
1517 1204 1654 1263 quo-

78 1286 182 1351 que
233 1298 293 1329 ex
339 1280 527 1344 iisdem
579 1275 1051 1335 constitutionibus
1104 1274 1463 1331 defensionem
1513 1296 1653 1329 com-

76 1365 560 1435 parabit3ceteros
602 1377 776 1415 autem
817 1382 996 1415 omnes
1035 1366 1212 1424 locos,
1253 1368 1348 1435 qui
1381 1366 1448 1415 ad
1486 1367 1657 1432 ipsam

81 1453 530 1519 comparationem
568 1450 945 1518 pertinebunt,
987 1469 1047 1500 ex
1079 1454 1347 1502 contrario
1386 1449 1654 1500 tractabit.

185 1581 318 1630 Loci
381 1586 688 1629 communes
742 1592 925 1638 erunt,
990 1584 1344 1639 accusatoris,
1410 1582 1465 1629 in
1516 1596 1654 1637 eum,

81 1666 176 1734 qui
214 1683 379 1733 quum
418 1665 483 1713 de
520 1652 665 1714 facto
703 1669 848 1732 tuipi
889 1665 1100 1734 aIIquo‚
1160 1679 1252 1715 aut
1299 1665 1509 1721 inutili,
1566 1675 1659 1712 aut

81 1762 311 1819 utroque
349 1747 607 1807 fateatur,
649 1762 872 1818 quaeiat
911 1761 1089 1799 tamen
1126 1751 1359 1820 aliquam
1397 1747 1658 1799 defensio-

79 1851 231 1894 nem;
287 1846 344 1885 et
381 1831 511 1884 facti
550 1835 929 1892 inutilitatem,
983 1848 1083 1884 aut,
1112 1836 1499 1904 turpitudinem
1539 1852 1658 1911 cum

83 1920 450 1989 indignatione
488 1917 756 1986 proferre3
821 1917 1148 1978 defensoris,
1212 1921 1414 1970 nullum
1454 1918 1659 1969 factum

83 2003 304 2061 inutile,
344 2021 515 2073 neque
553 2015 738 2070 turpe,
778 2021 950 2073 neque
987 2007 1114 2053 item
1153 2005 1312 2064 utile,
1353 2022 1524 2074 neque
1564 2003 1658 2053 ho-

83 2101 291 2138 nestum
319 2091 493 2155 putari
523 2101 797 2155 oportere,
836 2092 966 2148 nisi,
1007 2108 1115 2158 quo
1154 2092 1350 2148 animo,
1392 2107 1498 2158 quo
1530 2100 1659 2137 tem-

81 2191 241 2241 pore,
305 2192 409 2243 qua
449 2175 512 2223 de
551 2158 709 2225 causa
746 2172 949 2224 factum
988 2177 1088 2233 sit,
1152 2175 1507 2244 intelligatur3
1531 2174 1660 2242 ,qui

82 2258 231 2308 locus
268 2260 343 2307 ita
385 2260 682 2308 communis
722 2272 830 2317 est,
906 2258 966 2309 ut
1000 2260 1133 2310 bene
1171 2272 1428 2309 tractatus
1466 2261 1521 2307 in
1560 2257 1659 2306 hac

5 2348 19 2360 ‘
86 2361 273 2402 causa,
336 2361 527 2414 magno
569 2344 646 2393 adv
671 2346 1097 2412 persuadendum
1132 2357 1403 2396 momento
1442 2342 1654 2399 futurus

86 2430 188 2487 sit;
228 2440 279 2477 et
316 2428 447 2477 alter
483 2428 659 2486 locus,
719 2448 811 2497 per
850 2448 1007 2498 quem
1048 2449 1237 2501 magna
1275 2449 1395 2480 cum
1433 2427 1659 2497 amplifi·

88 2514 322 2571 catione,
372 2511 624 2563 beneficii
660 2517 975 2584 magnitudo
1014 2534 1074 2564 ex
1113 2515 1374 2574 utilitate,
1435 2527 1528 2564 aut
1563 2513 1659 2564 ho-

87 2610 321 2656 nestate,
385 2611 478 2648 aut
513 2596 644 2648 facti
702 2601 1093 2650 necessitudine
1132 2601 1556 2660 demonstratur3
1610 2611 1661 2649 et

88 2685 310 2740 tertius,
351 2701 442 2750 per
480 2701 637 2752 quem
674 2703 756 2734 res
797 2703 1035 2752 expressa
1074 2685 1279 2744 verbis,
1321 2698 1442 2735 ante
1475 2685 1657 2735 oculos

93 2784 307 2827 eorum,
358 2770 743 2837 quivaudiunt,
794 2773 1044 2838 ponitur,
1107 2781 1167 2818 ut
1203 2772 1307 2838 ipsi
1350 2788 1406 2822 se
1443 2786 1658 2840 quoque
1693 2794 1697 2801 =
