1878 3198
223 235 324 279 AD
368 209 871 279 HERENNIUM
926 233 1228 283 Lm.1v.
1271 236 1486 295 45·46·
1581 241 1679 299 167

973 342 993 370 Α,

110 394 199 447 hic
236 397 526 446 sententiae
577 396 873 446 contrariae
919 387 996 446 ex*
1019 398 1415 467 comparatione
1450 394 1677 448 referan-

112 493 199 531 tm
238 493 464 550 oportet.

222 571 305 631 46.
347 568 408 618 S
396 586 413 615 1
427 585 478 615 m
493 568 575 617 ih
589 579 612 618 t
624 588 662 618 u
676 569 710 619 d
724 586 756 618 o
771 604 785 626 ‚
828 578 907 618 est
943 569 1116 619 oratio
1154 569 1435 619 traducens
1474 569 1539 618 ad
1569 582 1681 618 rem
1718 588 1720 590 ·

93 655 419 723 quampiam
457 653 661 722 aliquid
698 671 758 702 ex
794 670 850 702 re
889 654 1090 720 dispali
1126 655 1314 704 simile.
1406 657 1482 705 Ea
1520 656 1680 704 sumi-

114 750 200 788 tur
239 750 330 787 aut
370 739 594 790 ornandi
634 755 822 796 causa,
862 749 955 786 aut
990 737 1284 805 probandi,
1325 752 1416 789 aut
1449 741 1683 806 apertius

113 824 354 880 dicendi,
421 835 512 872 aut
567 835 688 895 ante
728 823 909 873 oculos
947 824 1198 890 ponendi.
1283 826 1354 874 Et
1404 824 1681 894 quomodo

113 921 343 979 quatuor
381 909 445 958 de
483 910 654 958 causis
693 911 947 966 sumitur,
1007 910 1084 957 ita
1122 919 1352 976 quatuor
1392 910 1566 959 modis
1606 909 1683 958 di-

115 998 282 1055 citur;
347 1013 441 1063 per
479 997 836 1051 contrarium,
893 1009 987 1060 per
1023 994 1389 1064 negationem,
1440 1011 1533 1060 per
1569 993 1684 1042 bre-

114 1082 361 1137 vitatem,
411 1098 504 1147 per
556 1078 910 1129 collationem.
996 1079 1083 1128 Ad
1130 1095 1562 1147 unamquamque
1601 1095 1683 1127 su·

115 1165 335 1214 mendae
374 1182 587 1214 causam
623 1163 989 1213 similitudinis
1023 1161 1543 1212 accommodabimus
1583 1164 1685 1211 sin-

116 1250 271 1321 gulos
309 1251 498 1300 modos
535 1249 934 1316 pronuntiandi.

219 1335 527 1386 Oruandi
588 1352 745 1422 capsa
795 1336 1025 1384 sumitur
1071 1351 1166 1402 per
1217 1323 1684 1391 contrarium,

117 1422 221 1470 sic:
275 1421 446 1478 „Nou
484 1420 655 1478 enim,
696 1419 1146 1488 quemadmodum
1184 1422 1240 1469 in
1263 1419 1552 1486 palaest1a‚
1593 1421 1687 1487 qui

100 1506 295 1578 ‘taedas
324 1506 563 1555 ardentes
592 1507 808 1571 accipit,
850 1505 1068 1554 cele1i01
1098 1515 1179 1553 est
1202 1507 1258 1553 in
1296 1521 1484 1562 cursu,
1527 1521 1687 1572 quam

115 1590 234 1648 ille,
272 1592 366 1660 qui
406 1589 598 1649 tradit3
639 1592 712 1638 ita
751 1592 1004 1640 continuo
1043 1588 1232 1643 melior
1265 1590 1555 1654 impeiator
1593 1605 1686 1638 no·

115 1693 242 1733 vuS,
304 1676 398 1744 qui
436 1676 628 1742 accipit
664 1677 979 1732 exercitum,
1034 1691 1193 1743 quam
1230 1672 1347 1730 ille,
1412 1674 1505 1742 qui
1542 1673 1688 1722 dece·

118 1760 226 1810 dit:
277 1771 557 1828 propterea
596 1760 743 1829 quod
781 1757 1103 1830 defatigatus
1144 1775 1326 1807 cursor
1365 1759 1572 1829 integro
1612 1755 1686 1807 fa-

119 1862 264 1903 cem,
304 1844 393 1895 hic
428 1847 628 1913 peritus
665 1847 952 1912 imperator
989 1846 1234 1912 imperito
1275 1847 1558 1893 exereitum
1585 1855 1688 1892 tra·

63 1932 65 1934 ’
121 1930 274 1980 dit.“
360 1932 474 1980 Hoc
522 1933 635 1980 sine
674 1931 835 1980 simili
884 1932 1012 1979 satis
1049 1930 1233 1997 plane,
1293 1941 1346 1978 et
1393 1930 1684 1995 perspicue,

90 2025 172 2063 'et
221 2012 570 2081 probabiliter
628 2016 734 2066 dici
782 2018 988 2082 potuit,
1051 2014 1158 2065 hoc
1206 2014 1398 2063 modo:
1459 2015 1686 2072 „Minus

120 2097 291 2148 bonos
336 2101 681 2167 imperatores
721 2119 751 2149 a
787 2099 1098 2150 melioribus
1138 2100 1422 2148 exercitum
1454 2100 1689 2164 accipere

121 2183 370 2243 solere;“
411 2185 501 2234 sed
542 2185 765 2236 ornandi
802 2204 960 2235 causa
998 2185 1168 2235 simile
1205 2195 1437 2234 sumtum
1477 2194 1585 2239 est,
1625 2193 1687 2231 ut

122 2270 358 2318 orationi
397 2269 627 2339 dignitas
668 2272 926 2340 quaedam
968 2281 1375 2338 compararetur.
1469 2269 1684 2317 Dictum

121 2365 201 2403 est
239 2366 419 2403 autem
449 2372 543 2421 per
590 2359 931 2406 contrarium.
1030 2358 1164 2408 Nam
1218 2367 1348 2404 tunc
1390 2352 1683 2403 Similitudo

125 2438 352 2488 sumitur
385 2457 480 2507 per
521 2443 874 2501 contrarium,
938 2460 1105 2512 quum
1143 2441 1192 2489 ei
1227 2440 1333 2499 rei,
1381 2457 1542 2509 quam
1586 2454 1684 2488 nos

123 2511 445 2590 probamuS,
523 2525 755 2595 aliquam
808 2544 920 2576 rem
971 2542 1223 2597 negamus
1275 2541 1385 2575 esse
1439 2523 1680 2574 similem.

119 2611 219 2657 Per
248 2611 693 2680 negationem
721 2612 952 2670 dicetur,
990 2608 1329 2678 probandi
1356 2626 1540 2667 causa,
1580 2607 1684 2659 hoc

124 2693 314 2743 modo:
378 2695 608 2764 „Neque
645 2713 810 2766 equus
850 2696 1173 2752 indomitus,
1227 2696 1471 2763 quamvis
1498 2705 1683 2742 natura

123 2776 258 2827 bene
306 2781 630 2847 compositus
670 2782 769 2840 sit,
830 2781 1053 2831 idoneus
1104 2791 1283 2848 potest
1326 2795 1437 2830 esse
1491 2778 1556 2826 ad
1598 2794 1682 2824 eas
