<?xml version="1.0" encoding="UTF-8"?>
<!DOCTYPE html PUBLIC "-//W3C//DTD XHTML 1.0 Transitional//EN"
    "http://www.w3.org/TR/xhtml1/DTD/xhtml1-transitional.dtd">
<html xmlns="http://www.w3.org/1999/xhtml" xml:lang="en" lang="en">
 <head>
  <title>
</title>
<meta http-equiv="Content-Type" content="text/html;charset=utf-8" />
  <meta name='ocr-system' content='tesseract 3.04.00' />
  <meta name='ocr-capabilities' content='ocr_page ocr_carea ocr_par ocr_line ocrx_word'/>
</head>
<body>
  <div class='ocr_page' id='page_1' title='image "./p1selectedworkso01ciceuoft_0101.png"; bbox 0 0 1924 3224; ppageno 0'>
   <div class='ocr_carea' id='block_1_1' title="bbox 289 237 1712 330">
    <p class='ocr_par' dir='ltr' id='par_1_1' title="bbox 289 237 1712 330">
     <span class='ocr_line' id='line_1_1' title="bbox 289 237 1712 330; baseline -0.001 -15"><span class='ocrx_word' id='word_1_1' title='bbox 289 271 392 316; x_wconf 83' lang='lat' dir='ltr'><strong>AD</strong></span> <span class='ocrx_word' id='word_1_2' title='bbox 434 267 920 313; x_wconf 84' lang='lat' dir='ltr'>HERENNIUM</span> <span class='ocrx_word' id='word_1_3' title='bbox 960 251 1274 313; x_wconf 68' lang='lat' dir='ltr'>‘L113.·11.</span> <span class='ocrx_word' id='word_1_4' title='bbox 1316 277 1362 322; x_wconf 85' lang='lat'><strong>5.</strong></span> <span class='ocrx_word' id='word_1_5' title='bbox 1404 237 1458 313; x_wconf 57' lang='grc' dir='ltr'><strong>θ’.</strong></span> <span class='ocrx_word' id='word_1_6' title='bbox 1510 279 1564 323; x_wconf 86' lang='lat'><strong>7·</strong></span> <span class='ocrx_word' id='word_1_7' title='bbox 1643 281 1712 330; x_wconf 80' lang='lat'><strong>57</strong></span> 
     </span>
    </p>
   </div>
   <div class='ocr_carea' id='block_1_2' title="bbox 146 427 1762 2876">
    <p class='ocr_par' dir='ltr' id='par_1_2' title="bbox 146 427 1711 1267">
     <span class='ocr_line' id='line_1_2' title="bbox 148 427 1706 499; baseline -0.003 -15"><span class='ocrx_word' id='word_1_8' title='bbox 148 434 372 484; x_wconf 87' lang='lat' dir='ltr'><strong>cionem.</strong></span> <span class='ocrx_word' id='word_1_9' title='bbox 459 431 519 480; x_wconf 90' lang='lat' dir='ltr'><strong>In</strong></span> <span class='ocrx_word' id='word_1_10' title='bbox 568 429 1028 499; x_wconf 82' lang='lat' dir='ltr'><strong>consequenti</strong></span> <span class='ocrx_word' id='word_1_11' title='bbox 1074 439 1314 496; x_wconf 85' lang='lat' dir='ltr'><strong>tempore</strong></span> <span class='ocrx_word' id='word_1_12' title='bbox 1364 427 1706 497; x_wconf 79' lang='lat' dir='ltr'><strong>spectabitur,</strong></span> 
     </span>
     <span class='ocr_line' id='line_1_3' title="bbox 147 513 1710 588; baseline -0.004 -18"><span class='ocrx_word' id='word_1_13' title='bbox 147 537 287 588; x_wconf 67' lang='lat' dir='ltr'><strong>num¹</strong></span> <span class='ocrx_word' id='word_1_14' title='bbox 312 516 444 587; x_wconf 85' lang='lat' dir='ltr'><strong>quid</strong></span> <span class='ocrx_word' id='word_1_15' title='bbox 479 533 535 565; x_wconf 83' lang='lat' dir='ltr'><strong>re</strong></span> <span class='ocrx_word' id='word_1_16' title='bbox 570 526 838 566; x_wconf 85' lang='lat' dir='ltr'><strong>transacta</strong></span> <span class='ocrx_word' id='word_1_17' title='bbox 887 513 1129 563; x_wconf 84' lang='lat' dir='ltr'><strong>relictum</strong></span> <span class='ocrx_word' id='word_1_18' title='bbox 1167 516 1265 572; x_wconf 90' lang='lat' dir='ltr'><strong>sit,</strong></span> <span class='ocrx_word' id='word_1_19' title='bbox 1325 515 1471 584; x_wconf 86' lang='lat' dir='ltr'><strong>quod</strong></span> <span class='ocrx_word' id='word_1_20' title='bbox 1506 516 1710 565; x_wconf 88' lang='lat' dir='ltr'><strong>indicet</strong></span> 
     </span>
     <span class='ocr_line' id='line_1_4' title="bbox 148 597 1707 668; baseline -0.002 -15"><span class='ocrx_word' id='word_1_21' title='bbox 148 615 243 653; x_wconf 87' lang='lat' dir='ltr'><strong>aut</strong></span> <span class='ocrx_word' id='word_1_22' title='bbox 281 601 482 652; x_wconf 88' lang='lat' dir='ltr'><strong>factum</strong></span> <span class='ocrx_word' id='word_1_23' title='bbox 518 619 630 651; x_wconf 89' lang='lat' dir='ltr'><strong>esse</strong></span> <span class='ocrx_word' id='word_1_24' title='bbox 666 597 1013 659; x_wconf 80' lang='lat' dir='ltr'><strong>maleficium,</strong></span> <span class='ocrx_word' id='word_1_25' title='bbox 1065 610 1155 648; x_wconf 86' lang='lat' dir='ltr'><strong>aut</strong></span> <span class='ocrx_word' id='word_1_26' title='bbox 1193 617 1222 647; x_wconf 90' lang='lat' dir='ltr'><strong>a</strong></span> <span class='ocrx_word' id='word_1_27' title='bbox 1251 617 1358 668; x_wconf 87' lang='lat' dir='ltr'><strong>quo</strong></span> <span class='ocrx_word' id='word_1_28' title='bbox 1392 601 1462 649; x_wconf 91' lang='lat' dir='ltr'><strong>sit</strong></span> <span class='ocrx_word' id='word_1_29' title='bbox 1492 597 1707 651; x_wconf 82' lang='lat' dir='ltr'><strong>factum.</strong></span> 
     </span>
     <span class='ocr_line' id='line_1_5' title="bbox 147 685 1710 745; baseline -0.003 -6"><span class='ocrx_word' id='word_1_30' title='bbox 147 691 428 740; x_wconf 87' lang='lat' dir='ltr'><strong>Factum</strong></span> <span class='ocrx_word' id='word_1_31' title='bbox 451 703 606 745; x_wconf 49' lang='lat' dir='ltr'><strong>nesse,</strong></span> <span class='ocrx_word' id='word_1_32' title='bbox 656 685 760 736; x_wconf 88' lang='lat' dir='ltr'><strong>hoc</strong></span> <span class='ocrx_word' id='word_1_33' title='bbox 784 685 976 735; x_wconf 86' lang='lat' dir='ltr'><strong>modo:</strong></span> <span class='ocrx_word' id='word_1_34' title='bbox 1031 686 1078 734; x_wconf 91' lang='lat' dir='ltr'><strong>si</strong></span> <span class='ocrx_word' id='word_1_35' title='bbox 1113 696 1322 734; x_wconf 85' lang='lat' dir='ltr'><strong>tumore</strong></span> <span class='ocrx_word' id='word_1_36' title='bbox 1346 696 1398 734; x_wconf 88' lang='lat' dir='ltr'><strong>et</strong></span> <span class='ocrx_word' id='word_1_37' title='bbox 1420 685 1587 736; x_wconf 85' lang='lat' dir='ltr'><strong>livore</strong></span> <span class='ocrx_word' id='word_1_38' title='bbox 1626 686 1710 735; x_wconf 83' lang='lat' dir='ltr'><strong>de-</strong></span> 
     </span>
     <span class='ocr_line' id='line_1_6' title="bbox 149 768 1710 845; baseline -0.003 -21"><span class='ocrx_word' id='word_1_39' title='bbox 149 774 443 825; x_wconf 84' lang='lat' dir='ltr'><strong>coloratum</strong></span> <span class='ocrx_word' id='word_1_40' title='bbox 469 783 549 821; x_wconf 83' lang='lat' dir='ltr'><strong>es&#39;t</strong></span> <span class='ocrx_word' id='word_1_41' title='bbox 572 789 760 838; x_wconf 85' lang='lat' dir='ltr'><strong>corpus</strong></span> <span class='ocrx_word' id='word_1_42' title='bbox 786 773 1011 828; x_wconf 85' lang='lat' dir='ltr'><strong>mortui,</strong></span> <span class='ocrx_word' id='word_1_43' title='bbox 1071 768 1339 842; x_wconf 82' lang='lat' dir='ltr'><strong>significat</strong></span> <span class='ocrx_word' id='word_1_44' title='bbox 1365 788 1484 845; x_wconf 67' lang='lat' dir='ltr'><strong>eum</strong></span> <span class='ocrx_word' id='word_1_45' title='bbox 1507 787 1710 822; x_wconf 87' lang='lat' dir='ltr'><strong>veneno</strong></span> 
     </span>
     <span class='ocr_line' id='line_1_7' title="bbox 148 853 1710 926; baseline -0.003 -17"><span class='ocrx_word' id='word_1_46' title='bbox 148 870 411 910; x_wconf 87' lang='lat' dir='ltr'><strong>necatum.</strong></span> <span class='ocrx_word' id='word_1_47' title='bbox 485 861 534 907; x_wconf 91' lang='lat' dir='ltr'>A</span> <span class='ocrx_word' id='word_1_48' title='bbox 573 873 702 926; x_wconf 86' lang='lat' dir='ltr'><strong>quo</strong></span> <span class='ocrx_word' id='word_1_49' title='bbox 741 853 999 905; x_wconf 88' lang='lat' dir='ltr'><strong>factum</strong></span> <span class='ocrx_word' id='word_1_50' title='bbox 1038 858 1137 914; x_wconf 89' lang='lat' dir='ltr'><strong>sit,</strong></span> <span class='ocrx_word' id='word_1_51' title='bbox 1178 855 1280 906; x_wconf 90' lang='lat' dir='ltr'><strong>hoc</strong></span> <span class='ocrx_word' id='word_1_52' title='bbox 1311 857 1500 906; x_wconf 82' lang='lat' dir='ltr'><strong>modo:</strong></span> <span class='ocrx_word' id='word_1_53' title='bbox 1554 858 1598 905; x_wconf 88' lang='lat' dir='ltr'><strong>si</strong></span> <span class='ocrx_word' id='word_1_54' title='bbox 1636 868 1710 905; x_wconf 89' lang='lat' dir='ltr'><strong>te·</strong></span> 
     </span>
     <span class='ocr_line' id='line_1_8' title="bbox 146 941 1708 1010; baseline -0.003 -16"><span class='ocrx_word' id='word_1_55' title='bbox 146 944 293 1003; x_wconf 90' lang='lat' dir='ltr'><strong>lum,</strong></span> <span class='ocrx_word' id='word_1_56' title='bbox 342 944 391 1003; x_wconf 83' lang='lat' dir='ltr'><strong>si</strong></span> <span class='ocrx_word' id='word_1_57' title='bbox 433 944 837 1000; x_wconf 89' lang='lat' dir='ltr'><strong>vestimentum,</strong></span> <span class='ocrx_word' id='word_1_58' title='bbox 897 942 942 990; x_wconf 91' lang='lat' dir='ltr'><strong>si</strong></span> <span class='ocrx_word' id='word_1_59' title='bbox 981 941 1111 1010; x_wconf 81' lang='lat' dir='ltr'><strong>quid</strong></span> <span class='ocrx_word' id='word_1_60' title='bbox 1147 941 1410 991; x_wconf 88' lang='lat' dir='ltr'><strong>eiusmodi</strong></span> <span class='ocrx_word' id='word_1_61' title='bbox 1447 941 1708 1002; x_wconf 59' lang='lat' dir='ltr'><strong>ijelictum,</strong></span> 
     </span>
     <span class='ocr_line' id='line_1_9' title="bbox 148 1025 1709 1099; baseline -0.004 -20"><span class='ocrx_word' id='word_1_62' title='bbox 148 1041 243 1079; x_wconf 85' lang='lat' dir='ltr'><strong>aut</strong></span> <span class='ocrx_word' id='word_1_63' title='bbox 269 1030 552 1099; x_wconf 83' lang='lat' dir='ltr'><strong>vestigium</strong></span> <span class='ocrx_word' id='word_1_64' title='bbox 578 1029 656 1075; x_wconf 83' lang='lat' dir='ltr'><strong>rei</strong></span> <span class='ocrx_word' id='word_1_65' title='bbox 686 1038 949 1093; x_wconf 77' lang='lat' dir='ltr'><strong>repertum</strong></span> <span class='ocrx_word' id='word_1_66' title='bbox 978 1025 1169 1084; x_wconf 84' lang='lat' dir='ltr'><strong>fuerit,</strong></span> <span class='ocrx_word' id='word_1_67' title='bbox 1221 1028 1266 1075; x_wconf 89' lang='lat' dir='ltr'><strong>si</strong></span> <span class='ocrx_word' id='word_1_68' title='bbox 1292 1043 1448 1075; x_wconf 82' lang='lat' dir='ltr'><strong>cruor</strong></span> <span class='ocrx_word' id='word_1_69' title='bbox 1472 1027 1527 1074; x_wconf 89' lang='lat' dir='ltr'><strong>in</strong></span> <span class='ocrx_word' id='word_1_70' title='bbox 1559 1026 1709 1076; x_wconf 87' lang='lat' dir='ltr'><strong>vesti-</strong></span> 
     </span>
     <span class='ocr_line' id='line_1_10' title="bbox 147 1110 1711 1180; baseline -0.004 -16"><span class='ocrx_word' id='word_1_71' title='bbox 147 1116 373 1173; x_wconf 83' lang='lat' dir='ltr'>mentis,</span> <span class='ocrx_word' id='word_1_72' title='bbox 433 1115 479 1162; x_wconf 90' lang='lat' dir='ltr'><strong>si</strong></span> <span class='ocrx_word' id='word_1_73' title='bbox 529 1114 586 1160; x_wconf 88' lang='lat' dir='ltr'><strong>in</strong></span> <span class='ocrx_word' id='word_1_74' title='bbox 637 1128 699 1162; x_wconf 87' lang='lat' dir='ltr'><strong>eo</strong></span> <span class='ocrx_word' id='word_1_75' title='bbox 750 1111 869 1161; x_wconf 90' lang='lat' dir='ltr'><strong>loco</strong></span> <span class='ocrx_word' id='word_1_76' title='bbox 922 1110 1358 1180; x_wconf 86' lang='lat' dir='ltr'><strong>comprehensus,</strong></span> <span class='ocrx_word' id='word_1_77' title='bbox 1421 1123 1516 1163; x_wconf 84' lang='lat' dir='ltr'><strong>aut</strong></span> <span class='ocrx_word' id='word_1_78' title='bbox 1566 1113 1711 1160; x_wconf 89' lang='lat' dir='ltr'><strong>visus</strong></span> 
     </span>
     <span class='ocr_line' id='line_1_11' title="bbox 146 1196 1578 1267; baseline -0.003 -18"><span class='ocrx_word' id='word_1_79' title='bbox 146 1209 412 1255; x_wconf 85' lang='lat' dir='ltr'><strong>transacto</strong></span> <span class='ocrx_word' id='word_1_80' title='bbox 441 1199 654 1267; x_wconf 86' lang='lat' dir='ltr'><strong>negotio</strong></span> <span class='ocrx_word' id='word_1_81' title='bbox 671 1232 686 1255; x_wconf 94' lang='lat'><strong>,</strong></span> <span class='ocrx_word' id='word_1_82' title='bbox 726 1214 834 1265; x_wconf 80' lang='lat' dir='ltr'><strong>quo</strong></span> <span class='ocrx_word' id='word_1_83' title='bbox 862 1198 917 1245; x_wconf 87' lang='lat' dir='ltr'><strong>in</strong></span> <span class='ocrx_word' id='word_1_84' title='bbox 941 1197 1059 1247; x_wconf 89' lang='lat' dir='ltr'><strong>loco</strong></span> <span class='ocrx_word' id='word_1_85' title='bbox 1084 1213 1165 1246; x_wconf 85' lang='lat' dir='ltr'><strong>res</strong></span> <span class='ocrx_word' id='word_1_86' title='bbox 1194 1207 1339 1266; x_wconf 88' lang='lat' dir='ltr'><strong>gesta</strong></span> <span class='ocrx_word' id='word_1_87' title='bbox 1365 1196 1578 1245; x_wconf 88' lang='lat' dir='ltr'><strong>dicitur.</strong></span> 
     </span>
    </p>

    <p class='ocr_par' dir='ltr' id='par_1_3' title="bbox 147 1283 1762 2436">
     <span class='ocr_line' id='line_1_12' title="bbox 255 1283 1712 1351; baseline -0.004 -18"><span class='ocrx_word' id='word_1_88' title='bbox 255 1286 314 1334; x_wconf 49' lang='grc' dir='ltr'><strong>ὀμ</strong></span> <span class='ocrx_word' id='word_1_89' title='bbox 341 1284 819 1351; x_wconf 85' lang='lat' dir='ltr'><strong>Consequutio</strong></span> <span class='ocrx_word' id='word_1_90' title='bbox 859 1292 967 1338; x_wconf 89' lang='lat' dir='ltr'><strong>est,</strong></span> <span class='ocrx_word' id='word_1_91' title='bbox 1020 1298 1188 1349; x_wconf 86' lang='lat' dir='ltr'><strong>quum</strong></span> <span class='ocrx_word' id='word_1_92' title='bbox 1220 1283 1522 1350; x_wconf 82' lang='lat' dir='ltr'><strong>quaeritur,</strong></span> <span class='ocrx_word' id='word_1_93' title='bbox 1575 1296 1712 1348; x_wconf 86' lang='lat' dir='ltr'><strong>quae</strong></span> 
     </span>
     <span class='ocr_line' id='line_1_13' title="bbox 147 1366 1710 1440; baseline -0.004 -20"><span class='ocrx_word' id='word_1_94' title='bbox 147 1371 300 1440; x_wconf 85' lang='lat' dir='ltr'><strong>signa</strong></span> <span class='ocrx_word' id='word_1_95' title='bbox 333 1369 570 1418; x_wconf 86' lang='lat' dir='ltr'><strong>nocentis</strong></span> <span class='ocrx_word' id='word_1_96' title='bbox 611 1380 665 1417; x_wconf 87' lang='lat' dir='ltr'><strong>et</strong></span> <span class='ocrx_word' id='word_1_97' title='bbox 698 1367 995 1416; x_wconf 88' lang='lat' dir='ltr'><strong>innocentis</strong></span> <span class='ocrx_word' id='word_1_98' title='bbox 1037 1367 1289 1434; x_wconf 80' lang='lat' dir='ltr'><strong>consequi</strong></span> <span class='ocrx_word' id='word_1_99' title='bbox 1319 1366 1537 1415; x_wconf 82' lang='lat' dir='ltr'><strong>soleant.</strong></span> <span class='ocrx_word' id='word_1_100' title='bbox 1611 1367 1710 1414; x_wconf 92' lang='lat' dir='ltr'><strong>Ac-</strong></span> 
     </span>
     <span class='ocr_line' id='line_1_14' title="bbox 147 1448 1715 1519; baseline -0.003 -16"><span class='ocrx_word' id='word_1_101' title='bbox 147 1465 363 1503; x_wconf 86' lang='lat' dir='ltr'><strong>cusator</strong></span> <span class='ocrx_word' id='word_1_102' title='bbox 399 1454 565 1512; x_wconf 86' lang='lat' dir='ltr'><strong>dicet‚</strong></span> <span class='ocrx_word' id='word_1_103' title='bbox 631 1454 678 1502; x_wconf 91' lang='lat' dir='ltr'><strong>si</strong></span> <span class='ocrx_word' id='word_1_104' title='bbox 711 1453 938 1519; x_wconf 86' lang='lat' dir='ltr'><strong>poterit,</strong></span> <span class='ocrx_word' id='word_1_105' title='bbox 1002 1451 1387 1508; x_wconf 81' lang='lat' dir='ltr'><strong>adversaiium‚</strong></span> <span class='ocrx_word' id='word_1_106' title='bbox 1441 1468 1607 1519; x_wconf 84' lang='lat' dir='ltr'><strong>quum</strong></span> <span class='ocrx_word' id='word_1_107' title='bbox 1646 1448 1715 1499; x_wconf 83' lang='lat' dir='ltr'><strong>ad</strong></span> 
     </span>
     <span class='ocr_line' id='line_1_15' title="bbox 149 1533 1708 1602; baseline -0.005 -13"><span class='ocrx_word' id='word_1_108' title='bbox 149 1555 270 1589; x_wconf 86' lang='lat' dir='ltr'><strong>eum</strong></span> <span class='ocrx_word' id='word_1_109' title='bbox 293 1549 509 1589; x_wconf 84' lang='lat' dir='ltr'><strong>ventum</strong></span> <span class='ocrx_word' id='word_1_110' title='bbox 535 1539 635 1594; x_wconf 88' lang='lat' dir='ltr'><strong>sit,</strong></span> <span class='ocrx_word' id='word_1_111' title='bbox 697 1536 999 1593; x_wconf 86' lang='lat' dir='ltr'><strong>erubuisse,</strong></span> <span class='ocrx_word' id='word_1_112' title='bbox 1055 1534 1392 1602; x_wconf 81' lang='lat' dir='ltr'>expalluisse,</span> <span class='ocrx_word' id='word_1_113' title='bbox 1431 1533 1708 1591; x_wconf 81' lang='lat' dir='ltr'><strong>titubasse,</strong></span> 
     </span>
     <span class='ocr_line' id='line_1_16' title="bbox 148 1610 1762 1691; baseline -0.004 -19"><span class='ocrx_word' id='word_1_114' title='bbox 148 1625 512 1673; x_wconf 82' lang='lat' dir='ltr'><strong>inconstanter</strong></span> <span class='ocrx_word' id='word_1_115' title='bbox 538 1622 822 1691; x_wconf 83' lang='lat' dir='ltr'><strong>loquutum</strong></span> <span class='ocrx_word' id='word_1_116' title='bbox 852 1637 991 1678; x_wconf 89' lang='lat' dir='ltr'><strong>esse,</strong></span> <span class='ocrx_word' id='word_1_117' title='bbox 1048 1620 1375 1677; x_wconf 83' lang='lat' dir='ltr'><strong>concidisse,</strong></span> <span class='ocrx_word' id='word_1_118' title='bbox 1413 1617 1713 1686; x_wconf 87' lang='lat' dir='ltr'><strong>pollicitum</strong></span> <span class='ocrx_word' id='word_1_119' title='bbox 1747 1610 1762 1624; x_wconf 70' lang='lat'><em>&#39;</em></span> 
     </span>
     <span class='ocr_line' id='line_1_17' title="bbox 150 1703 1711 1777; baseline -0.004 -21"><span class='ocrx_word' id='word_1_120' title='bbox 150 1724 265 1756; x_wconf 89' lang='lat' dir='ltr'><strong>esse</strong></span> <span class='ocrx_word' id='word_1_121' title='bbox 291 1706 522 1776; x_wconf 83' lang='lat' dir='ltr'><strong>aliquid;</strong></span> <span class='ocrx_word' id='word_1_122' title='bbox 564 1724 698 1775; x_wconf 84' lang='lat' dir='ltr'><strong>quae</strong></span> <span class='ocrx_word' id='word_1_123' title='bbox 724 1709 874 1777; x_wconf 85' lang='lat' dir='ltr'><strong>signa</strong></span> <span class='ocrx_word' id='word_1_124' title='bbox 901 1706 1252 1754; x_wconf 88' lang='lat' dir='ltr'><strong>conscientiae</strong></span> <span class='ocrx_word' id='word_1_125' title='bbox 1279 1714 1418 1753; x_wconf 87' lang='lat' dir='ltr'><strong>sunt.</strong></span> <span class='ocrx_word' id='word_1_126' title='bbox 1508 1703 1565 1753; x_wconf 90' lang='lat' dir='ltr'><strong>Si</strong></span> <span class='ocrx_word' id='word_1_127' title='bbox 1590 1719 1711 1751; x_wconf 87' lang='lat' dir='ltr'><strong>reus</strong></span> 
     </span>
     <span class='ocr_line' id='line_1_18' title="bbox 148 1772 1715 1856; baseline -0.006 -12"><span class='ocrx_word' id='word_1_128' title='bbox 148 1791 344 1843; x_wconf 88' lang='lat' dir='ltr'><strong>horum</strong></span> <span class='ocrx_word' id='word_1_129' title='bbox 380 1783 517 1840; x_wconf 76' lang='lat' dir='ltr'><strong>nihil‘</strong></span> <span class='ocrx_word' id='word_1_130' title='bbox 562 1789 772 1850; x_wconf 89' lang='lat' dir='ltr'><strong>fecerit,</strong></span> <span class='ocrx_word' id='word_1_131' title='bbox 839 1801 1114 1840; x_wconf 85' lang='lat' dir='ltr'><strong>accusator</strong></span> <span class='ocrx_word' id='word_1_132' title='bbox 1163 1789 1331 1847; x_wconf 88' lang='lat' dir='ltr'><strong>dicet,</strong></span> <span class='ocrx_word' id='word_1_133' title='bbox 1389 1772 1511 1836; x_wconf 84' lang='lat' dir='ltr'><strong>eum</strong></span> <span class='ocrx_word' id='word_1_134' title='bbox 1546 1804 1715 1856; x_wconf 79' lang='lat' dir='ltr'><strong>usque</strong></span> 
     </span>
     <span class='ocr_line' id='line_1_19' title="bbox 150 1872 1712 1944; baseline -0.005 -17"><span class='ocrx_word' id='word_1_135' title='bbox 150 1878 284 1928; x_wconf 86' lang='lat' dir='ltr'><strong>adeo</strong></span> <span class='ocrx_word' id='word_1_136' title='bbox 310 1878 747 1944; x_wconf 84' lang='lat' dir='ltr'><strong>praemeditatum</strong></span> <span class='ocrx_word' id='word_1_137' title='bbox 774 1873 967 1934; x_wconf 87' lang='lat' dir='ltr'><strong>fuisse,</strong></span> <span class='ocrx_word' id='word_1_138' title='bbox 1016 1874 1148 1943; x_wconf 86' lang='lat' dir='ltr'><strong>quid</strong></span> <span class='ocrx_word' id='word_1_139' title='bbox 1174 1872 1277 1922; x_wconf 86' lang='lat' dir='ltr'><strong>sihi</strong></span> <span class='ocrx_word' id='word_1_140' title='bbox 1306 1885 1440 1922; x_wconf 89' lang='lat' dir='ltr'><strong>esset</strong></span> <span class='ocrx_word' id='word_1_141' title='bbox 1465 1890 1565 1921; x_wconf 91' lang='lat' dir='ltr'><strong>usu</strong></span> <span class='ocrx_word' id='word_1_142' title='bbox 1593 1889 1712 1921; x_wconf 87' lang='lat' dir='ltr'><strong>ven-</strong></span> 
     </span>
     <span class='ocr_line' id='line_1_20' title="bbox 149 1957 1713 2024; baseline -0.005 -12"><span class='ocrx_word' id='word_1_143' title='bbox 149 1973 361 2021; x_wconf 84' lang='lat' dir='ltr'><strong>turum,</strong></span> <span class='ocrx_word' id='word_1_144' title='bbox 416 1973 476 2011; x_wconf 93' lang='lat' dir='ltr'><strong>ut</strong></span> <span class='ocrx_word' id='word_1_145' title='bbox 525 1963 949 2012; x_wconf 86' lang='lat' dir='ltr'><strong>constantissime</strong></span> <span class='ocrx_word' id='word_1_146' title='bbox 998 1961 1292 2008; x_wconf 86' lang='lat' dir='ltr'><strong>consistens</strong></span> <span class='ocrx_word' id='word_1_147' title='bbox 1341 1957 1713 2024; x_wconf 81' lang='lat' dir='ltr'><strong>responderet3</strong></span> 
     </span>
     <span class='ocr_line' id='line_1_21' title="bbox 151 2042 1713 2116; baseline -0.004 -21"><span class='ocrx_word' id='word_1_148' title='bbox 151 2064 288 2116; x_wconf 86' lang='lat' dir='ltr'><strong>quae</strong></span> <span class='ocrx_word' id='word_1_149' title='bbox 349 2049 500 2116; x_wconf 83' lang='lat' dir='ltr'><strong>signa</strong></span> <span class='ocrx_word' id='word_1_150' title='bbox 560 2042 945 2104; x_wconf 85' lang='lat' dir='ltr'><strong>confidentiae,</strong></span> <span class='ocrx_word' id='word_1_151' title='bbox 1006 2060 1114 2093; x_wconf 88' lang='lat' dir='ltr'><strong>non</strong></span> <span class='ocrx_word' id='word_1_152' title='bbox 1173 2043 1508 2092; x_wconf 84' lang='lat' dir='ltr'><strong>innocentiae</strong></span> <span class='ocrx_word' id='word_1_153' title='bbox 1573 2052 1713 2090; x_wconf 89' lang='lat' dir='ltr'><strong>sunt.</strong></span> 
     </span>
     <span class='ocr_line' id='line_1_22' title="bbox 151 2125 1715 2198; baseline -0.006 -16"><span class='ocrx_word' id='word_1_154' title='bbox 151 2128 440 2190; x_wconf 85' lang='lat' dir='ltr'><strong>Defensor,</strong></span> <span class='ocrx_word' id='word_1_155' title='bbox 525 2132 571 2180; x_wconf 89' lang='lat' dir='ltr'><strong>si</strong></span> <span class='ocrx_word' id='word_1_156' title='bbox 629 2132 984 2198; x_wconf 84' lang='lat' dir='ltr'><strong>pertimuerit,</strong></span> <span class='ocrx_word' id='word_1_157' title='bbox 1058 2127 1421 2197; x_wconf 84' lang='lat' dir='ltr'><strong>magnitudine</strong></span> <span class='ocrx_word' id='word_1_158' title='bbox 1478 2125 1715 2193; x_wconf 76' lang='lat' dir='ltr'><strong>periculi,</strong></span> 
     </span>
     <span class='ocr_line' id='line_1_23' title="bbox 153 2211 1718 2283; baseline -0.006 -17"><span class='ocrx_word' id='word_1_159' title='bbox 153 2213 264 2266; x_wconf 73' lang='lat' dir='ltr'><strong>non</strong></span> <span class='ocrx_word' id='word_1_160' title='bbox 313 2215 634 2264; x_wconf 89' lang='lat' dir='ltr'><strong>conscientia</strong></span> <span class='ocrx_word' id='word_1_161' title='bbox 684 2217 884 2283; x_wconf 86' lang='lat' dir='ltr'><strong>peccati</strong></span> <span class='ocrx_word' id='word_1_162' title='bbox 922 2226 1247 2265; x_wconf 88' lang='lat' dir='ltr'><strong>commotum</strong></span> <span class='ocrx_word' id='word_1_163' title='bbox 1299 2229 1412 2260; x_wconf 90' lang='lat' dir='ltr'><strong>esse</strong></span> <span class='ocrx_word' id='word_1_164' title='bbox 1450 2211 1618 2269; x_wconf 84' lang='lat' dir='ltr'><strong>dicet3</strong></span> <span class='ocrx_word' id='word_1_165' title='bbox 1670 2211 1718 2258; x_wconf 87' lang='lat' dir='ltr'><strong>si</strong></span> 
     </span>
     <span class='ocr_line' id='line_1_24' title="bbox 154 2294 1717 2367; baseline -0.005 -16"><span class='ocrx_word' id='word_1_166' title='bbox 154 2318 264 2351; x_wconf 88' lang='lat' dir='ltr'><strong>non</strong></span> <span class='ocrx_word' id='word_1_167' title='bbox 309 2301 667 2367; x_wconf 83' lang='lat' dir='ltr'><strong>pertimuerit,</strong></span> <span class='ocrx_word' id='word_1_168' title='bbox 731 2298 927 2350; x_wconf 84' lang='lat' dir='ltr'><strong>fretum</strong></span> <span class='ocrx_word' id='word_1_169' title='bbox 986 2299 1288 2349; x_wconf 89' lang='lat' dir='ltr'><strong>innocentia</strong></span> <span class='ocrx_word' id='word_1_170' title='bbox 1335 2294 1553 2366; x_wconf 83' lang='lat' dir='ltr'><strong>negabit</strong></span> <span class='ocrx_word' id='word_1_171' title='bbox 1603 2311 1717 2343; x_wconf 87' lang='lat' dir='ltr'><strong>esse</strong></span> 
     </span>
     <span class='ocr_line' id='line_1_25' title="bbox 156 2396 500 2436; baseline 0 -2"><span class='ocrx_word' id='word_1_172' title='bbox 156 2396 500 2436; x_wconf 87' lang='lat' dir='ltr'><strong>commotum.</strong></span> 
     </span>
    </p>

    <p class='ocr_par' dir='ltr' id='par_1_4' title="bbox 156 2465 1717 2876">
     <span class='ocr_line' id='line_1_26' title="bbox 264 2465 1716 2537; baseline -0.004 -19"><span class='ocrx_word' id='word_1_173' title='bbox 264 2481 315 2528; x_wconf 89' lang='lat'><strong>7.</strong></span> <span class='ocrx_word' id='word_1_174' title='bbox 362 2468 796 2535; x_wconf 79' lang='lat' dir='ltr'><strong>Approbatio</strong></span> <span class='ocrx_word' id='word_1_175' title='bbox 848 2481 953 2528; x_wconf 89' lang='lat' dir='ltr'><strong>est,</strong></span> <span class='ocrx_word' id='word_1_176' title='bbox 1032 2486 1139 2537; x_wconf 87' lang='lat' dir='ltr'><strong>qua</strong></span> <span class='ocrx_word' id='word_1_177' title='bbox 1189 2468 1388 2516; x_wconf 85' lang='lat' dir='ltr'><strong>utimur</strong></span> <span class='ocrx_word' id='word_1_178' title='bbox 1435 2465 1504 2515; x_wconf 87' lang='lat' dir='ltr'><strong>ad</strong></span> <span class='ocrx_word' id='word_1_179' title='bbox 1554 2474 1716 2513; x_wconf 84' lang='lat' dir='ltr'><strong>extre-</strong></span> 
     </span>
     <span class='ocr_line' id='line_1_27' title="bbox 157 2549 1715 2622; baseline -0.003 -19"><span class='ocrx_word' id='word_1_180' title='bbox 157 2572 334 2613; x_wconf 89' lang='lat' dir='ltr'><strong>mum,</strong></span> <span class='ocrx_word' id='word_1_181' title='bbox 375 2551 690 2603; x_wconf 81' lang='lat' dir='ltr'><strong>confirmata</strong></span> <span class='ocrx_word' id='word_1_182' title='bbox 727 2556 1043 2622; x_wconf 86' lang='lat' dir='ltr'><strong>suspicione.</strong></span> <span class='ocrx_word' id='word_1_183' title='bbox 1119 2554 1195 2602; x_wconf 86' lang='lat' dir='ltr'><strong>Ea</strong></span> <span class='ocrx_word' id='word_1_184' title='bbox 1235 2549 1394 2600; x_wconf 86' lang='lat' dir='ltr'><strong>habet</strong></span> <span class='ocrx_word' id='word_1_185' title='bbox 1429 2550 1574 2600; x_wconf 78' lang='lat' dir='ltr'><strong>locos</strong></span> <span class='ocrx_word' id='word_1_186' title='bbox 1597 2566 1715 2616; x_wconf 86' lang='lat' dir='ltr'><strong>pro-</strong></span> 
     </span>
     <span class='ocr_line' id='line_1_28' title="bbox 156 2633 1716 2708; baseline -0.004 -19"><span class='ocrx_word' id='word_1_187' title='bbox 156 2641 304 2706; x_wconf 86' lang='lat' dir='ltr'><strong>prios</strong></span> <span class='ocrx_word' id='word_1_188' title='bbox 344 2651 503 2708; x_wconf 85' lang='lat' dir='ltr'><strong>atque</strong></span> <span class='ocrx_word' id='word_1_189' title='bbox 538 2655 857 2688; x_wconf 87' lang='lat' dir='ltr'><strong>communes.</strong></span> <span class='ocrx_word' id='word_1_190' title='bbox 956 2638 1237 2704; x_wconf 84' lang='lat' dir='ltr'><strong>Proprii</strong></span> <span class='ocrx_word' id='word_1_191' title='bbox 1284 2646 1436 2693; x_wconf 85' lang='lat' dir='ltr'><strong>sunt,</strong></span> <span class='ocrx_word' id='word_1_192' title='bbox 1499 2633 1716 2703; x_wconf 87' lang='lat' dir='ltr'><strong>quibus,</strong></span> 
     </span>
     <span class='ocr_line' id='line_1_29' title="bbox 158 2717 1716 2794; baseline -0.003 -22"><span class='ocrx_word' id='word_1_193' title='bbox 158 2725 267 2773; x_wconf 86' lang='lat' dir='ltr'><strong>nisi</strong></span> <span class='ocrx_word' id='word_1_194' title='bbox 303 2736 604 2782; x_wconf 86' lang='lat' dir='ltr'><strong>accusator,</strong></span> <span class='ocrx_word' id='word_1_195' title='bbox 654 2735 732 2784; x_wconf 85' lang='lat' dir='ltr'><strong>et,</strong></span> <span class='ocrx_word' id='word_1_196' title='bbox 794 2723 1020 2794; x_wconf 86' lang='lat' dir='ltr'><strong>quibus,</strong></span> <span class='ocrx_word' id='word_1_197' title='bbox 1085 2724 1190 2771; x_wconf 91' lang='lat' dir='ltr'><strong>nisi</strong></span> <span class='ocrx_word' id='word_1_198' title='bbox 1227 2717 1502 2777; x_wconf 85' lang='lat' dir='ltr'><strong>defensor,</strong></span> <span class='ocrx_word' id='word_1_199' title='bbox 1561 2735 1716 2767; x_wconf 87' lang='lat' dir='ltr'><strong>nemo</strong></span> 
     </span>
     <span class='ocr_line' id='line_1_30' title="bbox 159 2804 1717 2876; baseline -0.006 -17"><span class='ocrx_word' id='word_1_200' title='bbox 159 2819 335 2876; x_wconf 85' lang='lat' dir='ltr'><strong>potest</strong></span> <span class='ocrx_word' id='word_1_201' title='bbox 360 2811 454 2858; x_wconf 89' lang='lat' dir='ltr'><strong>uti.</strong></span> <span class='ocrx_word' id='word_1_202' title='bbox 544 2811 943 2860; x_wconf 86' lang='lat' dir='ltr'><strong>Communes</strong></span> <span class='ocrx_word' id='word_1_203' title='bbox 992 2818 1144 2866; x_wconf 87' lang='lat' dir='ltr'><strong>sunt,</strong></span> <span class='ocrx_word' id='word_1_204' title='bbox 1197 2808 1291 2876; x_wconf 84' lang='lat' dir='ltr'><strong>qui</strong></span> <span class='ocrx_word' id='word_1_205' title='bbox 1327 2804 1431 2854; x_wconf 88' lang='lat' dir='ltr'><strong>alia</strong></span> <span class='ocrx_word' id='word_1_206' title='bbox 1466 2805 1520 2852; x_wconf 90' lang='lat' dir='ltr'><strong>in</strong></span> <span class='ocrx_word' id='word_1_207' title='bbox 1563 2819 1717 2851; x_wconf 85' lang='lat' dir='ltr'><strong>causa</strong></span> 
     </span>
    </p>
   </div>
  </div>
 </body>
</html>
