1924 3224
216 261 318 306 AD
376 255 879 321 HERENNIUM
932 254 1089 299 Lm.
1143 253 1255 303 IV.
1305 268 1362 314 9.
1419 270 1497 299 ιο.
1584 268 1688 309 μη

127 418 375 472 omnihus
412 415 570 468 rebus
606 416 971 466 instructiores
1010 431 1070 463 ac
1099 414 1388 482 paratiores
1414 413 1682 474 venirent3
1748 416 1757 424 “

126 505 322 557 nedum
370 503 504 554 illud
551 498 834 570 imperium
876 499 1021 551 orbis
1059 510 1230 550 terrae
1246 536 1261 557 ‚
1326 499 1410 548 cui
1460 499 1686 565 imperio

129 588 308 642 omnes
349 601 559 660 gentes,
608 605 787 659 reges,
837 590 1108 643 nationes,
1145 587 1340 654 partim
1373 585 1457 641 vi,
1494 584 1689 649 partim

128 675 400 727 voluntate
438 682 834 731 concesserunt,
887 691 1053 741 quum
1089 683 1180 721 aut
1218 673 1408 729 armis,
1449 681 1538 719 aut
1562 669 1689 718 libe-

126 760 337 811 ralitate
388 778 417 808 a
451 759 652 826 populo
689 762 930 809 Romano
983 760 1216 825 superati
1269 767 1470 815 essent,
1535 755 1602 804 ad
1636 770 1691 803 se

127 842 414 896 transferre
449 843 668 893 tantulis
702 842 904 894 viribus
941 854 1271 893 conarentur.
1348 842 1579 908 Quaeret
1601 839 1696 891 ali·.

129 933 284 1000 quis:
363 927 553 1006 Quid?
623 927 925 993 Fregellani
975 944 1083 976 non
1131 944 1232 975 sua
1280 935 1470 992 sponte
1508 923 1694 973 conati

128 1015 296 1064 sunt?
367 1017 447 1066 Eo
511 1013 727 1083 quidem
788 1015 892 1063 istix
929 1016 1104 1063 minus
1157 1011 1312 1061 facile
1360 1022 1692 1068 conarentur,

129 1101 307 1172 quod,
372 1099 452 1149 illi
489 1099 936 1169 quemadmodum
973 1099 1367 1154 discessissent,
1422 1094 1691 1146 videbant.

127 1188 263 1237 Nam
289 1202 467 1234 rerum
492 1186 741 1252 imperiti,
782 1183 882 1254 qui)
901 1184 1320 1251 uniuscuiusque
1343 1182 1420 1229 rei
1447 1181 1511 1230 de
1536 1179 1696 1229 rebus

131 1283 254 1321 ante
296 1272 457 1342 gestis
495 1269 728 1336 exempla
764 1280 939 1335 petere
972 1286 1081 1318 non
1108 1277 1362 1336 possunt,
1411 1267 1454 1315 ii
1479 1281 1573 1332 per
1598 1267 1694 1313 im-

128 1355 466 1435 prudentiam
500 1351 744 1404 facillime
785 1354 1117 1404 deducuntur
1153 1355 1208 1402 in
1242 1350 1513 1409 fraudem3
1554 1362 1609 1400 at
1636 1352 1697 1408 ii,

132 1442 227 1512 qui
264 1443 472 1499 sciunt,
523 1441 655 1509 quid
693 1439 808 1488 aliis
848 1440 1123 1498 acciderit,
1174 1436 1329 1488 facile
1367 1454 1427 1486 ex
1468 1436 1695 1485 aliorum

134 1538 350 1596 eventu.
376 1528 484 1575 suis
529 1524 828 1574 rationibus
881 1536 1107 1591 possunt
1153 1523 1448 1590 providere.
1510 1521 1696 1570 'Nulla

133 1614 300 1682 igitur
337 1629 394 1660 re
437 1611 668 1669 inducti,
721 1609 864 1658 nulla
889 1626 980 1676 spe
1005 1607 1127 1657 freti
1152 1626 1297 1656 arma
1327 1605 1694 1660 sustulerunt?

134 1698 268 1762 Quis
305 1695 410 1746 hoc
449 1696 654 1753 eredat,
704 1706 907 1755 tantam
946 1696 1229 1744 amentiam
1263 1709 1584 1761 quemquam
1623 1702 1696 1740 te-

135 1784 313 1833 nuisse
329 1817 344 1839 ,
385 1793 446 1830 ut
473 1783 752 1848 imperium
775 1779 963 1849 populi
986 1768 1215 1835 Romani
1237 1789 1439 1827 tentare
1463 1778 1696 1834 auderet,

136 1866 297 1916 nullis
355 1867 521 1933 copiis
570 1865 776 1916 fretus}>
847 1869 989 1936 Ergo
1039 1864 1243 1934 aliquid
1283 1861 1448 1912 fuisse
1486 1878 1699 1911 necesse-

140 1963 235 2001 est.
313 1951 472 2017 Quod
511 1951 643 2021 quid
682 1951 854 2010 aliud,
894 1952 1000 2000 nisi
1028 1950 1116 2010 id,
1156 1948 1303 2019 quod
1329 1948 1482 2007 dico,
1520 1957 1698 2014 potest

139 2036 342 2087 esse‘2“

254 2138 332 2170 10.
383 2122 886 2185 brattenuatae
923 2119 1126 2192 figurae
1164 2136 1379 2190 genere,
1445 2117 1594 2186 quod
1634 2116 1702 2165 ad

141 2203 390 2255 infimum
440 2218 491 2254 et
533 2206 907 2274 quotidianum
944 2222 1236 2256 sermonem
1275 2205 1560 2253 demissum
1602 2213 1699 2258 est,

142 2290 247 2342 hoc
284 2291 739 2358 eritexemplum:
781 2294 993 2351 ‚‚Nam‚
1032 2303 1094 2340 ut
1128 2288 1267 2340 fort-e
1289 2286 1377 2338 hic
1409 2289 1463 2335 in
1485 2286 1700 2340 balneas

144 2378 318 2433 venit,
378 2378 580 2443 coepit,
639 2389 922 2446 postquam
971 2374 1213 2443 perfusus
1267 2386 1372 2429 est,
1435 2369 1697 2421 defricari.

93 2476 95 2478 ·
143 2461 364 2519 Deinde,
403 2460 496 2509 ubi
519 2464 693 2511 visum
715 2475 794 2511 est
817 2465 911 2520 ire,
951 2473 1012 2510 ut
1036 2460 1099 2509 in'
1115 2460 1319 2510 alveum
1345 2458 1701 2511 descenderet,

148 2563 265 2596 'ecce
300 2545 378 2595 ihi
416 2548 515 2595 iste
555 2547 619 2596 de
656 2557 985 2605 transverso,
1034 2544 1218 2601 siens,
1273 2545 1477 2614 inquit,
1527 2539 1703 2588 adole-

149 2648 327 2691 scens,
367 2632 521 2695 pueri
557 2632 641 2679 tui
669 2633 823 2681 modo
851 2651 930 2679 me
955 2618 1346 2696 pulsizverztnm
1383 2618 1708 2698 satisfacias

149 2726 300 2780 oport
311 2725 376 2764 et.
451 2718 576 2775 Hic,
630 2721 722 2786 qui
749 2720 805 2768 id
832 2719 1019 2767 aetatis
1048 2715 1113 2764 ab
1141 2718 1324 2785 ignoto
1351 2725 1555 2782 praeter
1585 2726 1704 2759 con-⁴

148 2800 478 2850 suetudinem
514 2803 801 2870 appellatus
840 2813 1004 2859 esset,
1060 2800 1292 2850 eruhuit.
1380 2801 1482 2848 Iste
1514 2795 1702 2845 clarius
