1878 3198
207 236 637 285 RHETonrc.
689 237 795 281 DE
837 206 1426 298 IN'VENT.11.9.10.
1544 257 1646 310 219

25 412 64 433 -x
95 393 180 439 sit
221 394 555 445 educatus„
605 412 760 456 quos
803 395 1110 440 habuerit
1154 395 1531 442 libera'liu‘m
1569 402 1647 442 ar·
1702 414 1711 423 ·

91 481 252 524 ti'um
312 482 685 540 magistros,
756 497 908 542 quos
963 481 1231 533 vivendi
1285 481 1647 542 praecepto-

91 580 210 614 res,
252 566 497 624 ‘quibus
539 567 752 611 amicis
797 580 1043 618 utatur,
1095 583 1217 627 quo
1260 568 1319 611 in
1350 567 1646 627 ¹negotio,

92 665 374 712 quaestu,
419 652 718 696 artificio
763 653 847 696 si't
891 646 1250 711 occupatus.
1297 669 1421 712 quo
1467 655 1645 698 mod-o

90 752 221 780 rem
275 738 666 781 faminiarem
722 728 1163 786 administret,
1221 747 1345 798 qua¹
1387 736 1646 783 'consue-

90 821 315 866 tudine
357 823 713 867 domestica
764 823 866 867 sit.
941 826 1017 866 Ex
1058 839 1153 882 quo
1197 802 1307 868 loeo
1339 824 1647 883 intelligitur,

22 937 24 939 >
89 906 174 952 hic
204 925 318 965 qna
358 908 827 968 ratione'vitae
871 922 1090 952 utatur
1119 908 1245 952 idem
1279 926 1373 954 esse
1405 928 1455 954 ac
1487 926 1644 970 snpra,

16 1030 36 1040 K
90 1009 209 1052 quo
252 993 317 1037 in
362 995 644 1053 negotio,
691 1006 968 1052 quaestu,
1014 994 1313 1039 artificio
1355 996 1436 1046 sit
1473 1013 1649 1041 occu·

88 1095 120 1139 p
134 1095 158 1122 a
175 1092 192 1123 t
208 1082 287 1151 “P-
351 1079 665 1151 ‘'Quint—iliam
722 1081 838 1124 Inst.
904 1094 972 1123 or.
1016 1081 1074 1127 V.
1119 1096 1184 1123 10.
1238 1079 1475 1124 rationem
1519 1082 1646 1125 vitae

90 1179 111 1208 ι
127 1177 190 1208 tu
206 1165 235 1208 d
253 1165 378 1208 in'm
391 1198 402 1215 ,
445 1181 632 1209 morem
667 1163 984 1216 domesticum
1029 1181 1058 1209 v
1073 1165 1092 1207 i
1107 1182 1128 1208 c
1147 1179 1269 1208 tum
1312 1179 1474 1210 vocat:
1519 1169 1591 1216 „V
1607 1166 1647 1209 i-

90 1265 116 1294 c
130 1264 148 1293 t
162 1267 192 1294 u
206 1267 224 1294 s
246 1283 257 1300 ,
313 1252 589 1310 luxuriosus
644 1268 698 1293 an
755 1234 913 1309 frugi,
975 1266 1033 1293 an
1080 1250 1301 1294 sordidus
1316 1284 1329 1300 ,
1390 1251 1646 1309 quaeritur.

91 1334 121 1378 S
137 1347 196 1379 tu
214 1336 276 1379 di
290 1352 315 1378 a
339 1344 341 1346 ’
369 1352 561 1396 quoque
579 1351 591 1385 ;
649 1351 756 1378 nam
801 1335 1006 1378 rusticus
1021 1368 1031 1385 ,
1084 1335 1284 1379 forensis
1300 1369 1311 1384 ,
1357 1339 1642 1397 negotiator,

87 1420 229 1466 miles
245 1454 256 1471 ‚
289 1422 541 1480 navigator
554 1453 566 1470 ‚
598 1420 835 1464 medicus..
872 1419 1002 1462 alind
1032 1420 1261 1464 efficiunt.
1280 1428 1308 1446 ‘⁶

172 1508 279 1566 Pag.
304 1507 402 1561 236.
441 1523 487 1549 v.
522 1517 588 1559 17.
642 1505 704 1547 in
742 1521 772 1563 p
791 1517 923 1574 otes
941 1517 993 1547 ta
1010 1517 1062 1547 te
1107 1529 1155 1536 -—
1216 1508 1321 1550 Hoc
1361 1506 1490 1551 dedit
1524 1509 1645 1552 Gru-

89 1605 218 1637 tea-us
264 1607 354 1650 pro
408 1607 432 1634 c
448 1608 477 1634 u
492 1607 538 1633 m
598 1607 626 1649 p
645 1607 672 1634 o
686 1604 703 1633 t
719 1606 743 1632 e
757 1603 849 1633 sta
867 1601 884 1631 t
899 1605 923 1632 e
981 1591 1260 1634 auctoritate
1314 1593 1461 1634 trium
1507 1594 1644 1638 codd.

87 1677 313 1722 Lambin.
347 1690 392 1720 et
423 1675 568 1720 trium
605 1673 713 1718 Pau.
827 1691 843 1720 ἠ,
1619 1702 1639 1720 ,

174 1766 280 1822 Pag.
309 1770 409 1817 287.
444 1779 492 1807 v.
519 1761 559 1805 6.
615 1762 736 1803 Iam
781 1759 948 1803 facta
991 1783 1044 1791 —-
1096 1760 1174 1803 Sic
1206 1760 1302 1805 duo
1336 1762 1472 1806 codd.
1504 1765 1645 1806 Lam-

89 1849 222 1903 bini„
271 1850 293 1891 1
308 1860 326 1891 t
340 1864 362 1890 e
378 1864 426 1890 m
458 1847 513 1890 fa
529 1862 552 1889 c
568 1858 585 1889 t
599 1862 622 1888 a
654 1846 756 1888 edd.
788 1858 901 1888 vett.
918 1877 929 1893 ‚
969 1845 1099 1904 quod
1129 1832 1337 1890 servavit
1366 1846 1567 1892 -Lallem.

172 1935 281 1993 Pag.
311 1940 408 1987 287.
449 1948 496 1976 v.
527 1947 590 1975 10.
650 1932 1090 1974 coniecturam
1134 1932 1643 1978 confirmandam

89 2017 492 2079 suspicionis
534 2041 592 2050 -
645 2015 1155 2059 confirmandam
1207 2018 1643 2063 coniecturam

89 2101 494 2164 suspicionis
537 2100 671 2146 codd.
708 2099 882 2146 Altorf.

176 2305 196 2341 Γ
724 2315 861 2376 Cap.
919 2316 988 2360 X.
1046 2362 1047 2365 Ἴ

175 2446 283 2503 Pag.
315 2451 414 2497 237.
458 2458 506 2486 v.
539 2449 606 2498 13.
667 2458 699 2501 p
716 2457 778 2485 ec
794 2442 1047 2488 caverit
1086 2467 1143 2478 -
1185 2443 1298 2487 Mss.
1341 2441 1467 2487 Oud.
1511 2443 1638 2490 casm

91 2529 248 2576 Guelf.
293 2545 323 2588 p
341 2545 365 2572 e
377 2544 401 2572 c
416 2543 439 2570 c
454 2545 476 2570 a
492 2526 604 2571 vit.
665 2529 805 2570 Bene.

63 2610 91 2614 ⁷*
176 2617 283 2674 Pag.
317 2622 416 2668 287.
460 2627 508 2655 v.
544 2619 610 2666 18.
681 2612 743 2655 in
761 2612 1057 2656 tex-cessit
1109 2638 1166 2648 -
1230 2613 1344 2658 Cod.
1401 2615 1535 2659 Voss.
1600 2629 1640 2660 c.

92 2697 250 2743 Schol.
296 2715 321 2742 a
361 2713 424 2740 m.
469 2713 537 2755 pr.
571 2698 707 2743 Voss.
731 2714 781 2740 ·1.
815 2697 965 2740 Leidd
1030 2713 1193 2742 omnes
1210 2730 1220 2747 ,
1270 2698 1321 2741 it.
1367 2701 1478 2742 Mss.
1513 2701 1640 2743 Cass.

91 2783 250 2828 Guelf.
318 2786 477 2829 Recte.
546 2782 681 2829 Olim
712 2783 766 2827 in
797 2782 1022 2844 plurimis
1049 2783 1152 2828 edd.
1182 2783 1246 2827 i‘n
1258 2796 1276 2827 t
1287 2799 1311 2827 e
1321 2800 1345 2826 r
1357 2800 1383 2828 c
1397 2799 1421 2827 e
1434 2800 1454 2828 s
1469 2799 1489 2828 s
1505 2799 1528 2827 e
1539 2784 1594 2827 ri
1607 2794 1639 2827 t.
