1878 3198
251 222 921 310 RHETORICORU'M
989 254 1150 300 ΜΒ.
1193 255 1239 299 1.
1285 269 1362 313 19.
1406 268 1484 299 20.
1578 270 1677 318 013

196 451 201 455 ⁸
229 411 374 460 Venit
403 412 461 457 ad
491 395 568 457 ine
597 429 731 473 saepe
761 412 1035 459 clamitans:
1080 413 1208 474 Quid
1240 413 1366 473 agis,
1398 411 1592 470 Micio?

228 498 330 544 Cur
354 489 523 558 perdis
545 499 892 545 adolescentem
920 498 1118 545 nobis?
1151 516 1236 544 cur
1266 496 1423 543 amat?

174 618 179 625 ›
229 586 331 631 Cur
358 584 526 647 potat?
570 603 656 630 cur
685 600 742 631 tu.
768 587 844 631 his
874 587 1014 632 rebus
1046 600 1258 631 sumtum
1287 583 1538 647 suggetis?

169 727 174 732 Ι
226 671 415 718 Vestitu
444 656 602 717 nimio
631 673 880 734 indulgeS,
912 674 1125 718 nimium
1152 673 1341 733 ineptus
1372 689 1433 716 es.

228 757 453 804 Nimium
482 759 585 819 ipse
617 760 763 804 durus
795 774 862 804 est
888 772 1073 820 praeter
1094 775 1393 819 aequumque
1415 771 1459 802 et
1484 757 1680 802 bonum.

114 862 229 915 Hoc
267 862 324 909 in
365 867 552 931 genere
590 866 909 913 narrationis
945 863 1111 914 multa
1147 865 1319 932 inesse
1357 861 1513 911 debet
1539 859 1682 910 festi·

114 947 278 1004 vitas,
321 946 559 998 confecta
601 967 661 998 ex
698 964 874 999 rerum
912 951 1196 1005 varietate,
1247 948 1545 996 animorum
1579 947 1681 997 diss

117 1031 513 1093 similitudine,
536 1037 820 1104 gravitate,
859 1035 1104 1092 levitate,
1148 1051 1268 1101 spe,
1307 1044 1480 1091 metu,
1517 1033 1681 1099 suspi-

117 1119 299 1176 cione,
351 1119 645 1178 desiderio,
690 1121 1141 1177 dissimulatione,
1209 1135 1418 1176 errore,
1483 1117 1681 1166 miseri-

118 1203 328 1262 cordia,
394 1203 642 1254 fortunae
684 1207 1127 1262 commutatione,
1178 1204 1447 1271 insperato
1485 1204 1683 1251 incom-

116 1290 309 1347 modo,
366 1289 540 1339 subita
578 1290 810 1349 laetitia,
861 1291 1097 1339 iucundo
1138 1291 1283 1338 exitu
1321 1305 1513 1338 rerum.
1588 1290 1683 1340 Ve-

113 1392 235 1428 rum
270 1374 401 1425 haec
439 1394 500 1426 ex
537 1375 653 1433 his,
695 1393 830 1445 quae
866 1387 1051 1442 postea
1080 1375 1145 1424 de
1173 1370 1516 1444 eloquutione
1540 1388 1684 1441 prae*-

117 1463 410 1528 cipientur,
452 1474 762 1511 ornamenta
806 1475 1099 1510 sumentur.

229 1589 312 1624 20.
350 1577 503 1624 Nunc
541 1577 605 1624 de
642 1577 944 1625 narratione
983 1592 1070 1632 ea,
1111 1591 1246 1644 quae
1287 1590 1529 1623 causae
1566 1586 1684 1622 con·-

117 1661 255 1710 tinet
292 1662 834 1726 expositionem,
884 1661 1166 1710 dicendum
1215 1660 1442 1708 videtur.
1518 1658 1685 1725 Opor-

118 1757 198 1795 tet
223 1745 387 1816 igitur
417 1762 530 1794 eam
556 1757 662 1794 tres
689 1744 883 1794 hahere
908 1760 1019 1793 res:
1070 1757 1133 1794 ut
1159 1743 1363 1802 brevis,
1397 1754 1458 1792 ut
1488 1754 1682 1815 aperta,

119 1841 181 1899 ut
216 1826 508 1899 pissobabilis
547 1832 634 1880 sit.
709 1832 945 1880 Brevis
983 1831 1112 1888 erit,
1171 1831 1245 1887 si,
1294 1829 1435 1878 unde
1475 1815 1685 1878 neeesse

120 1927 226 1974 est,
277 1916 400 1966 inde
427 1918 641 1965 initium
669 1928 934 1973 sumetur,
989 1927 1042 1964 et
1072 1932 1191 1965 non
1220 1912 1284 1963 ab
1313 1906 1521 1963 ultimo·
1541 1927 1683 1980 repe-

119 2012 290 2060 tetur,
354 2013 406 2050 et
455 2004 501 2050 Si
534 1993 813 2066 ,cuiusl'ei
861 2004 990 2051 satis
1030 2003 1131 2050 erit
1174 2017 1437 2049 summam
1475 1999 1683 2072 dixisse,

120 2088 230 2140 eius
258 2099 431 2154 partes
458 2105 565 2137 non
593 2088 866 2147 dicentum
906 2088 1052 2150 (nam
1080 2103 1234 2154 saepe
1260 2086 1388 2134 satis
1417 2096 1514 2141 est,
1555 2084 1686 2153 quid

121 2169 322 2222 factum
360 2175 455 2231 sit,
498 2173 699 2231 dicere,
738 2190 848 2223 non
876 2184 935 2221 ut
960 2189 1196 2229 enarres,
1237 2167 1684 2240 quemadmodum

122 2259 192 2307 sit
224 2255 493 2324 factum3)
545 2270 595 2307 et
633 2260 679 2307 si
714 2276 824 2309 non
862 2258 1102 2328 longius,
1144 2274 1304 2326 quam
1333 2253 1510 2324 quoad
1545 2252 1683 2301 scitu

123 2360 256 2412 opus
294 2354 398 2400 est,
450 2344 505 2390 in
544 2344 806 2394 narrando
842 2344 1186 2411 procedetur;
1241 2352 1293 2390 et
1325 2341 1372 2390 si
1398 2338 1683 2388 nullam'in

121 2447 234 2479 rem
262 2428 419 2478 aliam
447 2427 789 2488 transibitur3
829 2441 882 2478 et
909 2431 954 2478 si
978 2431 1052 2490 ita
1078 2429 1312 2484 dicetur,
1353 2437 1414 2475 ut
1439 2442 1681 2474 nonnun·
1707 2435 1711 2440 '

125 2535 285 2587 quam
323 2533 382 2565 ex
423 2532 516 2573 eo,
572 2515 718 2583 quod
756 2515 960 2565 dictum
998 2516 1094 2572 sit,
1161 2512 1248 2570 id,
1300 2510 1446 2590 quod
1484 2501 1682 2562 dietum.

36 2604 40 2612 '
110 2620 231 2663 *uon
270 2603 367 2661 sit,
431 2595 790 2671 i11telligatur3
868 2612 920 2650 et
956 2602 1002 2649 si
1039 2616 1147 2647 non
1185 2597 1347 2648 modo
1389 2597 1472 2656 id,
1537 2595 1682 2664 quod

126 2686 304 2747 obest,
356 2704 539 2737 verum
576 2688 736 2735 etiam
770 2686 857 2744 id,
911 2685 1058 2754 quod
1097 2700 1191 2732 nec
1230 2681 1382 2749 obest
1397 2717 1417 2739 „
1464 2697 1560 2729 nec
1598 2679 1684 2729 ad·

128 2762 273 2823 iuvat
290 2807 304 2831 ,
343 2766 743 2843 praeteribitur3
786 2783 835 2820 et
861 2772 905 2820 si
929 2769 1085 2819 semel
1113 2766 1528 2864 unumffiluodque
1552 2764 1686 2814 dice·-
1745 2836 1757 2843 α
