1924 3224
648 186 691 254 c
747 185 790 228 A
846 187 881 229 P
937 185 983 229 U
1040 185 1085 230 Τ
1198 175 1275 250 1,]
1487 184 1709 229 -xxxm

141 347 554 407 libertum.
625 347 764 405 Sed
797 346 965 404 nihil
997 346 1284 423 impedit,
1331 367 1456 424 quo
1489 346 1706 406 minus

138 463 232 520 ita
259 463 581 541 scripsisse
599 462 978 520 Suetonium
994 475 1288 539 putemus
1308 483 1324 519 :
1373 481 1406 518 a
1426 482 1466 517 u
1484 461 1607 520 dis
1628 483 1655 520 s
1675 483 1708 520 e

136 577 592 636 Antonium
639 575 1150 654 Gnip'honem
1200 575 1544 652 eiusque
1594 576 1707 633 do-

135 707 428 750 ctorem
471 695 856 748 Hermam.
951 690 1136 771 Quod
1184 689 1567 748 si‘codicum
1598 710 1707 747 au-

136 805 426 865 ctoritate
490 803 981 863 confirmaretur
999 850 1014 876 ,
1088 825 1335 862 novum
1394 797 1710 861 accederet

136 934 616 1001 argumentum,
663 939 793 996 quo¹
817 918 1103 977 Antonio
1138 917 1467 996 Gniphoni
1504 917 1707 977 libros

133 1035 215 1093 ad
279 1032 682 1092 Herennium
758 1032 1027 1110 scriptos
1087 1031 1412 1091 vindicare
1465 1053 1714 1110 posses.

135 1153 301 1206 Nam
328 1148 560 1206 horum
589 1160 809 1204 auctor
830 1145 998 1205 libro
1027 1150 1077 1203 Ι.
1105 1145 1372 1205 scribit:
1403 1150 1463 1204 N
1482 1167 1517 1205 ο
1538 1167 1565 1206 s
1586 1161 1613 1203 t
1628 1167 1659 1204 e
1677 1169 1710 1206 r

133 1257 434 1320 doctor
502 1266 819 1318 Hermes
887 1275 1056 1318 tres
1126 1260 1458 1338 putavit
1517 1281 1707 1319 esse.

133 1377 252 1436 Sed
296 1376 606 1453 quoniam
665 1390 937 1452 utroque
993 1375 1141 1432 loco
1187 1374 1379 1432 lectio
1423 1375 1706 1451 vacillat,

130 1490 301 1548 nihil
341 1485 511 1548 ⁴huic
564 1489 821 1548 rationi‘
844 1488 1208 1575 tribuimus.
1297 1487 1483 1546 Nihil
1533 1489 1709 1548 enim

135 1604 782 1683 agit-argumentum,
832 1604 1036 1681 quod,
1083 1618 1157 1660 ut
1199 1601 1452 1661 Horatii
1491 1601 1704 1669 verbis

136 1733 422 1790 utamur,
468 1697 653 1775 litem
679 1717 794 1775 lite
822 1717 1104 1776 resolvit.

267 1810 714 1890 Cornificium*
753 1833 1072 1890 seniorem
1142 1850 1270 1910 quo
1327 1830 1544 1888 minus
1562 1874 1578 1903 ‚
1635 1844 1734 1888 ut*

136 1946 359 2004 mu'ltis
403 1946 676 2023 placuit,
746 1959 1069 2003 auctorem
1113 1945 1425 2003 librorum
1472 1944 1550 2003 ad
1590 1947 1711 2014 He-

137 2060 440 2118 rennium
480 2079 611 2117 esse
662 2059 1019 2132 credamus,
1068 2060 1343 2116 maxime
1383 2057 1572 2116 nobis
1602 2058 1709 2116 ob-

135 2186 263 2230 stat
305 2174 463 2245 hoc,
522 2173 696 2251 quod
754 2173 949 2232 illum
1010 2175 1338 2251 aequalem
1382 2172 1708 2233 Ciceronis

132 2284 332 2344 fuisse
377 2301 656 2359 constat,
721 2307 909 2364 quem
954 2308 1031 2345 ex
1071 2287 1345 2365 aequalis
1392 2300 1454 2345 et
1496 2281 1713 2346 condi-

139 2399 375 2475 scipuli
417 2399 601 2457 libris
647 2401 717 2457 in
764 2421 912 2459 suos
963 2402 1311 2458 rhetoricos
1341 2414 1472 2469 tam
1502 2401 1709 2472 multa

139 2513 566 2583 transtulisse,
621 2514 790 2571 haud
823 2529 916 2572 est
948 2515 1268 2572 credibile.
1358 2517 1581 2590 Neque
1624 2527 1712 2571 ta-

141 2647 290 2684 men
322 2627 528 2684 ausim
566 2648 824 2709 negare,
879 2628 1388 2707 Quintilianum,
1439 2647 1551 2703 qul
1580 2645 1708 2683 Saea·

141 2760 219 2817 pe
253 2739 676 2798 Cornificium
712 2741 958 2815 laudat,
1007 2762 1163 2822 quae
1193 2761 1269 2798 ex
1289 2761 1374 2810 ⁸eo
1404 2739 1711 2812 attulerit,

185 2861 269 2901 Cic.
294 2846 473 2900 mmor.
504 2861 594 2901 Vol.
619 2863 655 2899 Ι.
1441 2838 1446 2844 ’
1596 2858 1628 2900 C
