1878 3198
275 246 377 292 AD
431 243 934 291 HERENNIUM
984 234 1146 290 ΠΒ..
1193 243 1298 292 1v.·
1349 250 1435 299 54.
1555 236 1692 308 155³

90 405 271 458 subito
320 408 593 463 civitatem
643 406 905 461 exstinxit.
924 412 960 436 “
1015 381 1449 463 'obscoenitatis'
1484 405 1654 455 ‘vitan-

12 516 17 523 ‘
91 493 187 543 dae
218 487 412 550 eausa,
470 494 587 542 sicz'
635 492 846 549 „Cuius
883 501 1050 546 mater
1086 483 1417 560 quotidianis
1455 491 1655 557 nuptiis

91 577 445 634 delectatui‘.⁴‘
515 576 760 648 Augendi
799 593 987 636 causa,
1029 578 1132 626 sic:
1174 573 1419 633 „Nullius
1445 587 1705 627 moeror‘

91 675 146 718 et
180 663 462 714 calamitas*
492 664 648 713 istius
687 660 889 729 explere
926 663 1264 719 inimicitias,
1311 671 1363 709 et
1398 657 1663 713 nefariam·

90 759 329 799 saturare
383 748 747 799 crudelitatem
795 748 989 815 potuit.
1010 752 1045 777 “
1143 745 1422 796 Minuendi
1482 762 1658 804 causa,

91 833 196 882 sict
230 835 479 905 z,‚Magno
518 851 571 884 se
604 832 875 901 praedicat
916 830 1113 882 auxilio
1149 831 1345 891 fuisse,
1384 833 1510 902 quia
1534 850 1657 900 pau-

89 915 257 966 lulum
306 920 363 967 in
409 918 566 969 rebus
617 915 946 969 difficillimis
999 918 1267 983 aspiravit.
1286 924 1328 947 ‘⁶'
1420 917 1665 967 Ornandi

92 1018 278 1061 causa,
318 1005 420 1054 sic:
479 1003 836 1073 „Aliquando
873 1001 1194 1070 reipublicae
1220 1003 1483 1067 ratione5‚
1524 1018 1661 1071 quae

92 1086 296 1136 malitia
333 1101 617 1141 nocentum
654 1100 1000 1146 exaruerunt,
1070 1089 1265 1151 virtute
1314 1087 1661 1155 optimatium

90 1174 468 1223 revirescent.“
513 1173 961 1225 .Translatione1n
999 1173 1184 1222 dicunt
1223 1171 1510 1238 pudentem
1547 1187 1665 1221 esse.

93 1269 367 1325 oportere,
407 1271 470 1309 ut
506 1277 625 1310 cum
659 1260 868 1309 ratione
904 1260 960 1307 in
998 1256 1326 1307 consimilem
1353 1273 1465 1304 rem
1490 1267 1670 1307 trans··

93 1353 206 1401 eat,
267 1360 333 1393 ne
363 1346 477 1395 sine
516 1345 724 1397 delectu
769 1355 966 1400 temere
1005 1355 1056 1393 et
1094 1341 1285 1410 cupide
1321 1341 1567 1393 videatur
1602 1343 1663 1402 in

93 1427 403 1485 dissimilem
440 1432 829 1483 transcurrisse.

197 1517 633 1566 Permutatio
684 1527 766 1564 est
814 1516 1018 1572 oratio,
1073 1513 1219 1563 aliud
1255 1511 1460 1572 verbis,
1515 1512 1677 1562 aliud

95 1602 357 1649 sententia
407 1601 790 1650 demonstrans.
881 1601 958 1649 Ea
1010 1599 1269 1649 dividitur
1306 1601 1363 1647 in
1401 1610 1506 1647 tres
1545 1616 1660 1665 par-

95 1696 204 1742 tes,
242 1685 678 1746 similitudinem,
719 1695 1100 1755 argumentum,
1146 1686 1488 1734 contrarium.
1564 1686 1663 1732 Per

96 1770 642 1821 similitudinem
703 1770 961 1827 sumitur,
1036 1787 1204 1838 quum
1266 1767 1659 1829 translationes,

96 1873 199 1905 una
218 1891 232 1913 ,
296 1867 390 1906 aut
435 1855 641 1923 plures,
704 1853 1006 1924 frequenter
1054 1866 1327 1922 ponuntur
1365 1872 1394 1902 a
1431 1853 1660 1921 simplici

94 1942 301 1990 ratione
339 1941 555 1999 ductae,
594 1941 698 1990 sic:
749 1941 932 1998 „Nam
971 1958 1135 2010 quum
1175 1956 1329 1988 canes
1367 1937 1660 2009 funguntur.

98 2022 291 2076 officiis
327 2025 604 2093 luporum,
671 2027 760 2075 cui
795 2025 1060 2092 praesidio
1096 2042 1262 2093 pecua
1300 2024 1660 2074 credemus‘?“

96 2112 195 2159 Per
245 2123 708 2182 argumentum
758 2121 1043 2181 tractatur,
1120 2127 1283 2178 quum
1337 2127 1368 2157 a
1416 2125 1658 2175 persona,

101 2207 193 2244 aut
229 2213 258 2243 a
294 2196 445 2253 loco,
507 2207 601 2245 aut
655 2214 684 2245 a
716 2212 773 2245 re
811 2195 1022 2264 aliqua,
1085 2195 1380 2244 similitudo
1435 2193 1659 2264 augendi

99 2264 191 2329 aut
228 2280 502 2330 minuendi
540 2298 698 2330 causa
753 2282 993 2332 ducitur:
1056 2291 1119 2328 ut·
1169 2281 1215 2328 si
1267 2281 1388 2348 quis
1425 2282 1659 2328 Drusum

105 2355 335 2414 Gracchi
371 2366 596 2414 nitorem
631 2365 920 2415 obsoletum
955 2366 1111 2415 dicat.
1185 2367 1262 2414 Ex
1301 2366 1660 2415 contrario

102 2450 315 2503 ducitur
347 2452 451 2510 sic;
514 2464 577 2502 ut
612 2455 660 2502 si
697 2455 815 2522 quis
863 2451 1135 2502 hominem
1173 2449 1456 2520 prodigum
1489 2461 1547 2499 et
1581 2449 1671 2498 lus

80 2537 374 2585 -xuriosum
411 2535 666 2596 illudens,
718 2553 939 2603 parcum
981 2548 1034 2585 et
1070 2533 1379 2599 diligentem
1417 2534 1658 2602 appellet,

100 2623 169 2670 Et
204 2623 258 2670 in
291 2607 399 2671 *hoc
436 2633 733 2688 postremo,
787 2622 933 2691 quod
982 2639 1040 2670 ex
1092 2622 1359 2671 contrario
1409 2621 1658 2678 sumitur,

103 2717 156 2756 et
192 2708 248 2755 in
283 2706 376 2761 illo
413 2708 616 2774 primo,
668 2709 814 2777 quod
841 2726 870 2755 a
897 2705 1240 2756 similitudine
1267 2706 1508 2763 ducitur,
1546 2720 1663 2770 per—v

105 2793 398 2841 mutatione
462 2808 555 2858 per
613 2803 980 2863 argumentum
1029 2793 1320 2858 poterimus
1366 2791 1470 2848 uti,
1559 2791 1659 2845 Per
