1878 3198
385 120 400 149 s

377 156 383 166 l

240 170 680 276 ἷιΗΕΤοΡιιο.
722 221 827 271 DE
869 221 1194 286 INVRNT.
1254 223 1302 267 1.
1345 196 1418 277 56ss
1482 256 1483 259 η
1561 200 1702 294 179

7 413 10 420 .
83 395 155 443 ¹²⁸.
167 395 217 424 m
257 393 385 425 recte
429 378 607 425 delevit
651 379 867 430 Ernesti,
935 379 1064 440 quia>
1091 378 1260 424 Cicero
1303 379 1418 423 istas
1463 376 1656 423 conclu·

85 466 244 512 tiones
277 454 490 512 absolute
515 465 670 526 ponit.
729 467 777 511 Ν
780 481 832 509 ec
862 478 930 510 est
957 465 1013 511 in
1041 466 1154 529 Mss.
1187 479 1232 509 et
1267 466 1368 510 edd.
1402 481 1474 526 pr.

7 550 34 604 ὲὺ
172 554 284 616 pag:
309 563 409 611 259.
439 568 486 596 v.
510 552 550 596 6.
578 564 618 609 7.
665 537 1083 596 Ostendemus
1123 534 1451 602 autemid,
1488 549 1653 611 quod

83 618 387 698 polliciti
427 653 446 682 s
462 618 662 687 um'us,
705 636 739 680 h
754 653 780 682 o
795 653 819 681 c
858 654 908 681 m
923 653 950 680 o
967 637 997 680 d
1012 653 1040 682 o
1055 654 1064 680 :
1081 655 1153 673 ¹-—
1209 630 1323 683 Post
1356 637 1478 680 haec
1506 636 1652 681 verba

16 727 19 729 ’
87 722 439 783 ineptissimam
474 706 748 783 glossatoris
779 722 1003 767 laciniam
1022 756 1035 775 ‚
1066 722 1217 783 vulgo
1247 723 1301 766 in
1330 721 1555 768 omnibus
1585 722 1655 764 ni-

90 807 248 852 mium
281 803 517 867 patienter
548 808 810 869 toleratam,
841 809 1133 869 resecuimus
1152 826 1162 851 :
1194 808 1198 814 ’
1226 810 1266 868 Q
1284 827 1314 852 u
1329 825 1354 851 a
1369 815 1393 853 e
1422 825 1527 869 per
1542 807 1658 868 spi·
1714 856 1726 865 χ

91 910 267 938 cuam
321 893 618 938 omnibus
688 894 1035 939 veritatem
1090 895 1382 939 continet
1436 910 1657 943 assum-

72 976 212 1030 stio,
266 979 442 1025 nihil
495 962 759 1040 indiget
814 978 1346 1041 approbationis.
1420 982 1522 1023 Ea·
1564 991 1658 1023 est

92 1065 128 1110 h
141 1065 246 1110 uiu
260 1082 279 1110 s
291 1084 338 1110 m
356 1081 383 1109 o
399 1065 428 1109 d
443 1065 486 1108 i:
544 1067 646 1108 Iam
675 1078 830 1110 autem
861 1064 914 1107 in
944 1078 1077 1109 textu
1106 1080 1206 1109 non
1237 1047 1453 1126 seouitur
1484 1047 1659 1109 assum-

94 1151 164 1196 tio
183 1150 474 1211 ‚syllogismi
487 1183 500 1201 ,
532 1151 613 1195 sed
643 1150 929 1211 propositio.
1006 1131 1101 1208 Qui
1131 1151 1284 1210 igitur
1313 1151 1425 1195 fieri
1454 1163 1657 1212 poterat,

93 1250 148 1281 ut
179 1237 348 1282 Cicero
366 1269 379 1287 ,
425 1236 479 1280 de
499 1235 803 1280 assumtione
835 1237 982 1280 modo
1028 1235 1258 1296 loquutus
1271 1269 1284 1286 ,
1346 1236 1548 1280 diceret:
1593 1253 1617 1280 e
1631 1220 1664 1280 a!

36 1341 38 1344 ·
94 1337 120 1365 e
134 1337 153 1366 s
169 1334 188 1365 t
226 1321 260 1365 11
274 1322 337 1366 ui
353 1338 382 1364 u
399 1338 478 1366 sm
491 1337 519 1366 o
535 1323 566 1365 d
579 1322 623 1372 i,
657 1335 702 1366 et
732 1314 888 1365 tamen
916 1338 1015 1366 non
1046 1322 1385 1366 assumtionem
1400 1354 1413 1373 ,
1445 1322 1524 1367 sed
1551 1338 1661 1383 pro-

92 1406 387 1467 positionem
429 1407 772 1468 subiungeret?

180 1495 290 1551 Pag.
317 1504 415 1551 259.
446 1510 492 1537 v.
517 1506 558 1547 7.
584 1501 626 1547 8.
690 1494 754 1537 Si
808 1507 1068 1554 oportet
1116 1494 1290 1539 velle
1342 1509 1445 1554 sap
1462 1510 1559 1538 ere
1601 1519 1660 1530 --

94 1580 167 1623 Ita
208 1594 318 1622 curn
347 1578 587 1623 Lambino
619 1578 852 1623 edendum
883 1594 1005 1629 erat:
1049 1593 1173 1629 non‘,
1221 1593 1274 1623 ut
1303 1579 1543 1639 plerique}
1598 1579 1659 1623 Si

98 1679 127 1709 ο
139 1681 170 1724 p
186 1681 214 1709 o
228 1680 252 1706 1·
265 1677 282 1707 t
298 1679 321 1707 e
338 1677 356 1708 t
411 1679 430 1707 s
445 1681 468 1706 a
480 1680 512 1723 p
530 1680 592 1713 etr
606 1679 629 1707 e
644 1696 655 1708 .
739 1666 865 1709 Nam
919 1664 1046 1708 nihil
1089 1663 1221 1709 aliud
1265 1664 1508 1724 significat
1546 1673 1658 1724 pr'o-

73 1749 304 1810 positio,
352 1751 520 1808 quam:
577 1749 630 1794 si
675 1750 996 1810 sapientia
1040 1750 1305 1810 petenda
1347 1764 1462 1795 est.
1531 1750 1661 1793 Huic

98 1847 255 1879 autem
311 1834 604 1895 aequipollet
656 1827 979 1886 enuntiatum:
1042 1838 1073 1880 S
1087 1836 1108 1878 i
1171 1852 1198 1880 o
1215 1852 1244 1895 p
1264 1851 1291 1879 o
1309 1851 1334 1878 1·
1350 1848 1368 1879 t
1384 1848 1436 1879 et
1488 1849 1520 1879 v
1534 1851 1557 1878 e
1571 1833 1621 1878 ll
1635 1851 1660 1878 e
1686 1842 1693 1852 '

99 1934 120 1964 s
134 1935 202 1980 ap
218 1935 315 1963 ere
331 1952 342 1964 .
414 1923 580 1982 Itaque
625 1921 693 1966 sic
714 1943 716 1945 >
736 1922 879 1966 etiam
917 1934 1080 1983 postea
1122 1921 1175 1964 in
1219 1920 1506 1965 assumtione
1548 1921 1660 1965 scri·

68 2016 75 2019 s
97 2005 298 2066 psimus.
1284 2064 1288 2069 ἱ

191 2093 299 2151 Pag.
326 2103 426 2151 259.
457 2107 506 2137 v.
530 2105 592 2136 12.
619 2105 685 2147 13.
718 2093 934 2137 Assum
950 2093 1042 2137 tio
1083 2106 1170 2138 est
1211 2093 1321 2137 hae
1338 2109 1362 2137 c
1390 2114 1449 2128 ·-·
1494 2085 1694 2152 Vusgov

104 2176 286 2220 editur:
326 2177 648 2221 Assumtio
692 2178 1026 2239 perspicua
1066 2192 1156 2223 est
1193 2178 1360 2223 haec.
1422 2178 1510 2221 Sed
1542 2178 1664 2222 dele-

102 2260 265 2306 vimus
307 2279 338 2323 p
359 2279 381 2306 e
395 2279 452 2306 rs
467 2262 572 2320 pic
587 2279 618 2305 u
632 2279 680 2313 a,
729 2276 783 2307 ut
827 2263 1126 2324 superfluum
1140 2296 1152 2314 ,
1211 2280 1361 2324 quum
1404 2264 1563 2308 statim
1595 2280 1663 2309 se-

103 2359 300 2406 quatur:
368 2349 455 2392 Ho
472 2362 496 2390 c
549 2348 692 2408 quia
746 2348 844 2409 ips
862 2366 954 2393 um
1003 2365 1073 2393 ex
1128 2365 1189 2393 re
1243 2348 1680 2409 perspicitur.'

102 2434 160 2475 In
205 2432 319 2476 Mss.
367 2431 585 2477 Oudend.
633 2446 725 2477 est:
798 2436 1104 2480 assumtio
1170 2451 1193 2478 e
1211 2447 1265 2479 st
1323 2434 1667 2495 perspicua

84 2515 184 2560 'vel
234 2517 569 2576 perspicua
620 2531 731 2562 est.
815 2523 926 2564 Est
979 2520 1142 2564 enim
1194 2519 1373 2564 haec.
1445 2522 1502 2562 In
1558 2520 1666 2564 cod.

103 2602 244 2649 Voss.
277 2618 316 2647 c.
349 2602 508 2647 Schol.
555 2604 883 2649 Assumtio
932 2621 962 2664 p
980 2621 1115 2665 ers—P
1132 2604 1188 2649 ic
1205 2621 1286 2649 ua.
1312 2636 1320 2641 r
1347 2607 1388 2649 E
1405 2618 1460 2667 stt
1500 2607 1666 2650 enim

102 2685 279 2732 haec.
352 2689 409 2731 Id
437 2687 589 2751 placet
621 2689 986 2748 Oudendorpio.
1044 2692 1302 2738 Nos‘vero
1346 2690 1434 2736 hac
1471 2707 1667 2754 μακρο-

103 2771 268 2833 λογίᾳ.
308 2789 406 2818 non
436 2772 736 2819 delectamur.

472 2907 493 2918 κ
