1878 3198
300 197 954 272 VRHsToRICORUM
1008 207 1164 252 ΜΒ.
1214 209 1289 253 11.
1340 222 1420 268 29.
1570 222 1718 274 317'

102 371 150 419 si
186 367 274 419 ille
311 380 611 437 peccasset,
649 365 791 419 hunc
841 372 1145 438 oportuisse
1179 361 1425 439 pe⁴ccare;
1467 371 1674 432 deinde,

100 457 147 505 si
175 454 273 504 =ille
317 455 628 524 deliquerit,
649 458 951 523 separatim
988 456 1166 513 illum,
1203 459 1345 507 >sicut
1374 456 1553 516 hunc,
1582 475 1677 517 rac·

99 543 273 591 cusari
311 553 590 608 oportere,
632 551 684 588 et
723 557 831 590 non
869 559 988 590 cum
1017 539 1181 592 huius
1216 530 1525 594 defensione
1553 560 1676 593 con-

87 628 245 698 iungi
287 627 430 679 illius
470 628 878 676 accusationem.

202 710 464 779 Defensor
514 723 690 761 autem
731 730 897 782 quum
944 725 1145 780 cetera,
1224 716 1269 764 si
1309 728 1416 787 qua
1451 732 1512 764 ex
1554 714 1673 764 aliis

96 799 333 849 incident
374 797 852 857 constitutionibus
874 835 888 856 ,
924 801 1292 865 pertractarit,
1344 801 1408 851 de
1444 801 1560 868 ipsa
1598 817 1676 849 re-

95 886 336 934 motione
373 886 449 933 sic
486 883 958 954 argumentabitur.
1032 886 1303 943 Primum,
1334 880 1508 935 ‘cuius
1543 887 1675 936 acci·

97 970 237 1019 derit
275 969 457 1037 culpa,
498 968 920 1028 demonstrabit;
962 970 1179 1028 deinde,
1222 989 1390 1039 quum
1420 970 1675 1026 idaliena

22 1055 25 1058 ⁴
96 1056 250 1122 culpa
289 1055 598 1112 accidisset,
641 1055 885 1104 ostendet
924 1072 979 1104 se
1018 1067 1108 1104 aut
1136 1073 1242 1105 non
1270 1051 1540 1122 potuisse,
1581 1068 1678 1107 aut

94 1158 206 1191 nou
244 1126 490 1190 debuisse
529 1141 584 1190 id
613 1138 818 1198 facere,
871 1140 1017 1209 quod
1047 1154 1324 1191 accusator
1349 1141 1676 1210 dicatopor-

93 1228 280 1275 tuisse.
357 1225 518 1291 Quod
560 1242 668 1274 non
706 1227 973 1292 potuerit,
1029 1243 1089 1275 ex
1127 1226 1373 1276 utilitatis
1410 1226 1671 1294 partibus,

95 1313 153 1361 in
196 1311 393 1382 quibus
449 1321 529 1360 est
577 1310 983 1360 necessitudinis
1034 1313 1110 1362 vis
1164 1312 1462 1378 implicata:
1526 1314 1676 1382 quod

93 1415 204 1447 non
253 1397 526 1454 debuerit,
593 1413 654 1445 ex
707 1395 984 1446 honestate
1037 1397 1480 1448 considerabitur.
1575 1403 1672 1465 *De

93 1495 345 1551 utroque·
375 1484 680 1532 distinctius
716 1484 772 1531 in
826 1479 1171 1532 deliberativo
1214 1499 1401 1552 genere
1443 1485 1666 1535 dicetur.
1725 1532 1727 1534 ,

27 1577 30 1579 ’
92 1569 298 1617 Deinde
355 1569 533 1617 omnia
584 1565 724 1616 facta
775 1583 887 1615 esse
940 1565 1005 1615 ab
1058 1584 1178 1624 reo,
1234 1586 1371 1636 quae
1410 1571 1464 1618 in
1503 1572 1673 1637 ipsius

95 1651 298 1702 fuerint
333 1664 623 1720 potestate3
685 1652 832 1721 quod
869 1653 1075 1710 mium,
1146 1670 1307 1720 quam
1347 1652 1693 1714 convenerits

0 1718 17 1785 ι,
93 1736 296 1787 factum
336 1741 433 1795 sit,
475 1737 628 1804 culpa
665 1738 721 1787 id
760 1738 974 1786 alterius
1012 1737 1282 1788 accidisse.
1373 1741 1577 1790 Deinde
1615 1743 1674 1790 in
1714 1760 1716 1762 ’

94 1822 313 1872 alterius
341 1823 493 1890 culpa
524 1823 833 1890 exponenda
861 1821 1331 1872 demonstrandum
1357 1836 1465 1883 est,
1507 1844 1674 1894 quan-

93 1921 209 1958 tum
247 1909 538 1959 voluntatis
577 1920 630 1957 et
668 1908 836 1956 studii
861 1904 1103 1956 fueritin
1130 1909 1278 1974 ipso;
1331 1920 1382 1957 et
1420 1910 1476 1959 id
1507 1913 1670 1982 siguis

95 1992 524 2042 confirmandum
559 1992 902 2050 huiusmodi,
943 2009 1011 2055 ,ex
1049 2005 1222 2042 cetera
1262 1993 1567 2063 diligentia,
1610 2014 1671 2046 ex
1701 2053 1708 2060 ἱ

94 2090 214 2127 ante
256 2076 441 2135 factis,
483 2090 573 2126 aut
614 2078 802 2136 dictis;
859 2088 1017 2146 atque
1052 2077 1157 2129 hoc
1195 2081 1297 2146 ipsi
1334 2072 1466 2136 utile
1503 2077 1681 2135 fuisse(

93 2161 297 2222 facere,
364 2163 552 2212 inutile
603 2174 778 2212 autem
828 2180 936 2212 non
974 2160 1174 2222 facere,
1249 2176 1301 2214 et
1339 2181 1460 2213 cum
1499 2178 1670 2215 cetera

93 2250 208 2303 vita
245 2250 413 2320 magis
453 2246 557 2298 hoc
596 2246 758 2297 fuisse
811 2262 1253 2307 consentaneum,
1319 2268 1478 2318 quam
1520 2252 1667 2319 quod

93 2346 312 2403 propter
354 2334 571 2383 alterius
612 2334 824 2401 culpam
846 2353 954 2385 non
983 2333 1182 2383 fecerit.
1271 2335 1327 2384 Si
1355 2347 1532 2384 autem
1559 2354 1668 2387 non

95 2421 151 2467 in
203 2419 475 2469 hominem
529 2431 759 2477 certum,
828 2421 919 2469 sed
961 2422 1017 2468 in
1062 2437 1173 2468 rem
1223 2419 1455 2487 aliquam
1506 2426 1665 2470 causa

98 2504 493 2560 demovebitur,
549 2515 608 2552 ut
635 2505 689 2553 in
717 2503 816 2554 hac
842 2507 1023 2557 eadem
1050 2522 1133 2563 re,
1174 2505 1220 2554 si
1247 2516 1664 2574 quaestorlmor-

95 2600 220 2639 tuus
248 2602 414 2647 esset,
456 2601 509 2639 et
531 2590 728 2640 idcirco
754 2590 940 2661 legatis
965 2591 1188 2658 pecunia
1214 2589 1335 2639 data
1364 2608 1469 2640 non
1496 2604 1663 2652 esset3

97 2677 432 2725 accusatione
472 2675 714 2736 alterius,
780 2688 833 2726 et
880 2676 1065 2742 culpae
1116 2675 1424 2741 depulsione
1467 2677 1662 2735 demta,

99 2762 282 2809 ceteris
322 2760 565 2810 similiter
604 2763 686 2810 uti
726 2763 856 2812 locis
896 2760 1192 2829 oportebit,
1265 2773 1315 2811 et
1356 2778 1416 2812 ex
1455 2779 1664 2813 conces-
