1924 3224
216 252 316 298 AD
360 242 851 297 HERENN‘IUM
883 247 1072 308 φη.
1119 244 1225 298 IV-
1269 247 1351 294 26.
1394 260 1478 302 27.
1571 262 1667 316 143

218 402 579 479 correctio
632 422 739 468 est,
791 427 928 479 quae
967 408 1109 460 tollit
1146 409 1232 467 id,
1285 404 1432 477 quod
1471 408 1670 458 dictum

108 509 214 555 est,
281 507 333 546 et
371 513 468 564 pro
505 514 566 546 eo
607 496 695 554 id,
759 496 904 565 quod
940 497 1109 565 magis
1150 494 1403 544 idoneum
1439 494 1667 551 videtur,

105 584 342 651 reponit,
403 581 509 630 hoc
546 593 734 648 pacto:
787 581 998 646 „Quod
1041 581 1086 637 si
1124 580 1225 627 iste
1273 596 1396 628 suos
1425 578 1672 646 ‘hospites

105 678 377 737 rogasset,
414 668 578 715 immo
622 667 881 714 innuisset
917 665 1111 724 modo;
1150 664 1253 715 hoc
1291 662 1445 714 facile
1484 661 1672 731 perfici

105 764 303 820 posset.
323 759 358 782 ‘⁶
446 751 603 800 Item:
669 753 1007 819 „Postquam
1058 752 1150 800 isti
1186 752 1457 807 vicerunt,
1515 761 1674 818 atque

110 837 242 887 adeo
290 837 420 887 victi
469 848 616 885 sunt:
681 854 801 884 nam
855 836 1125 904 quomodo
1175 837 1454 886 victoriam
1503 833 1674 901 appel·

107 921 241 980 lem,
283 938 418 990 quae
453 920 747 972 victoribus
785 919 902 986 plus
943 921 1287 978 calamitatis,
1347 938 1506 989 quam
1542 918 1675 968 boni

110 1005 407 1057 dederit‘2“
469 1007 628 1055 Item:
691 1005 786 1063 „O
822 1006 1033 1055 virtutis
1063 1023 1236 1056 comes
1267 1006 1497 1064 invidia,
1537 1021 1674 1073 quae

110 1091 289 1153 bonos
330 1093 625 1160 insequeris
674 1091 1011 1159 plerumque,
1093 1103 1251 1160 atque
1289 1092 1419 1140 adeo
1458 1092 1675 1138 insecta-

109 1173 265 1227 1·is!“
341 1179 715 1226 Commovetur
761 1173 865 1224 hoc
911 1192 1099 1245 genere
1147 1178 1350 1225 animus
1391 1177 1670 1225 auditoris.

109 1265 212 1313 Res
239 1263 379 1310 enim
407 1261 675 1311 communi
703 1259 865 1310 verbo
904 1260 1069 1319 elata,
1119 1261 1488 1310 tantummodo
1531 1260 1673 1309 dicta

38 1392 43 1398 .
111 1348 350 1406 videtur3
413 1357 539 1414 post
593 1347 759 1412 ipsius
807 1347 1035 1395 oratoris
1087 1348 1470 1396 correctionem
1505 1347 1673 1415 magis

111 1433 334 1502 insignis
361 1431 551 1482 idonea
575 1428 643 1479 fit
668 1432 1115 1500 pronuntiatione.
1177 1433 1306 1481 Non-
1322 1434 1487 1502 igitur
1509 1433 1673 1480 sat-ius

113 1529 223 1575 est,
265 1517 403 1565 dicet
429 1516 620 1584 aliquis
637 1552 651 1572 ‚
693 1514 758 1564 ah
783 1517 939 1566 initio
957 1552 970 1573 ,
1023 1519 1331 1582 praesertim
1358 1534 1523 1585 quum
1549 1518 1674 1564 scri-

112 1599 207 1650 bas
225 1636 240 1658 ,
281 1600 348 1649 ad
374 1602 635 1666 optimum
662 1613 714 1649 et
740 1601 1113 1649 electissimum
1145 1599 1675 1657 verbumdevenire'?

112 1688 243 1742 Est,
304 1703 470 1754 quum
520 1703 627 1735 non
666 1697 745 1754 est
792 1687 985 1744 satim,
1054 1687 1099 1734 si
1143 1688 1488 1736 commutatio
1527 1685 1675 1738 verbi

115 1771 171 1821 id
220 1771 322 1819 erit
373 1770 823 1830 demonstratura,
897 1772 1163 1821 eiusmodi
1211 1789 1321 1837 rem
1373 1787 1515 1830 esse,
1594 1784 1673 1831 ut,

115 1873 280 1926 quum
303 1872 418 1903 eam
444 1857 711 1905 communi
738 1854 900 1906 verbo
929 1856 1204 1923 appellaris
1221 1893 1236 1915 ‚
1287 1855 1454 1907 levius
1482 1857 1676 1913 dixisse

117 1941 375 1992 videaris:
437 1959 601 2009 quum
639 1942 707 1991 ad
743 1941 959 1990 electius
998 1929 1215 1992 verbum
1253 1942 1495 2000 accedas,
1548 1944 1674 1991 insi-

118 2028 356 2097 gniorem
396 2042 505 2074 rem
542 2023 727 2075 facias.·
756 2070 760 2073 ,
798 2027 958 2092 Quod
994 2029 1039 2075 si
1068 2029 1319 2078 continuo
1352 2029 1582 2077 venisses
1610 2027 1676 2077 ad

117 2111 175 2160 id
209 2109 459 2171 verhu1n3
511 2128 605 2160 nec
644 2112 723 2160 rei
759 2129 855 2177 nec
904 2110 1052 2164 verbi
1106 2114 1274 2183 gratia
1316 2114 1676 2164 animadversa

120 2207 273 2245 esset.

226 2292 309 2339 27.
350 2280 760 2333 Occultatio
795 2294 891 2342 est,
933 2301 1101 2352 quum
1127 2284 1371 2340 dicimus,
1413 2298 1511 2331 nos
1531 2299 1677 2348 prae·

118 2367 306 2424 tei-ire,
355 2377 452 2414 -aut
499 2383 607 2415 non
644 2369 803 2427 scire,
852 2380 946 2417 aut
993 2368 1134 2419 nolle
1173 2369 1344 2417 dicere
1393 2369 1448 2417 id
1463 2400 1481 2425 ,»
1531 2369 1678 2437 quod
1734 2369 1738 2374 ’

119 2463 244 2500 tunc
279 2452 504 2499 maxime
541 2451 806 2512 dicimus„
848 2452 950 2503 hoc
990 2454 1180 2503 modo:
1240 2454 1424 2511 „Nam
1463 2453 1526 2502 de
1553 2471 1679 2520 pue-—

118 2538 239 2585 ritia
288 2536 503 2605 quidem
550 2547 693 2595 tua,
735 2555 894 2606 quam
944 2522 1003 2587 tu
1049 2540 1196 2588 omni
1245 2539 1678 2605 intemperantiae

120 2621 401 2681 addixisti,
452 2621 708 2679 dicerem,
773 2625 816 2671 si
855 2622 957 2673 hoc
987 2635 1203 2693 *tempus
1243 2624 1493 2673 idoneum
1529 2633 1675 2689 puta·

117 2720 258 2763 rem3
311 2723 450 2754 nunc
488 2706 730 2757 consul-to
765 2696 1024 2775 relinquo.
1110 2710 1181 2758 Et
1218 2707 1350 2758 illud
1386 2719 1675 2774 praetereo,

122 2790 267 2857 quod
302 2801 353 2838 tc
390 2790 590 2839 tribuni
626 2794 702 2840 rei
739 2792 986 2844 militaris
1032 2791 1417 2863 infrequentem
1451 2792 1674 2844 tradide-v
