1924 3224
325 195 424 241 AD
484 193 984 239 HERENNIUM
1039 193 1202 249 Lm.
1252 194 1379 238 111.
1439 210 1498 258 9.
1606 209 1692 262 *87

124 361 188 411 in
217 360 391 427 primo
437 355 577 407 libro
616 357 983 425 exposuimuS,
1036 356 1145 418 hoe
1196 369 1304 418 est,
1367 371 1429 408 ut
1475 371 1687 411 utamur

123 446 419 513 principio,
492 445 823 500 narratione,
903 443 1193 502 divisione,
1261 442 1685 506 confirmatione,
1730 493 1733 502 ,

123 527 509 584 confutatione,
550 528 919 578 conclusione:
958 543 1007 579 et
1036 529 1180 583 huuc
1210 531 1469 587 ordinem,
1509 548 1689 600 quem-

123 614 413 664 admodum
454 625 792 680 praeceptum
831 626 910 663 est
947 627 1096 674 ante,
1139 617 1208 664 in
1247 616 1471 665 dicendo
1506 617 1688 684 seque-

119 717 256 749 mur.
330 700 464 758 Item
503 715 564 747 ex
600 700 939 749 institutione
975 702 1136 759 artis,
1198 719 1307 751 non
1344 701 1506 751 modo
1545 712 1691 750 totas

121 802 336 842 causas,
395 784 489 833 sed
540 784 774 854 singulas
814 802 1028 854 quoque
1066 789 1545 855 argumentationes
1585 786 1689 836 dis·

118 887 409 938 ponemus,
462 869 911 938 quemadmodum
960 871 1016 918 in
1056 871 1287 921 secundo
1327 871 1466 921 libro
1508 857 1694 921 docui-²

119 973 256 1004 mus.
342 957 437 1004 Est
474 946 651 1003 autem
689 966 741 1003 et
780 954 880 1002 alia
920 954 1233 1021 dispositio,
1297 973 1464 1025 quae,
1523 966 1691 1026 quum

124 1039 190 1090 ab
231 1039 418 1089 ordine
457 1036 752 1088 artificioso
792 1039 1143 1088 recedendum
1179 1051 1286 1097 est,
1341 1042 1571 1090 oratoris
1610 1042 1691 1089 iu·

123 1125 266 1175 dicio
317 1124 398 1173 ad
447 1135 712 1190 tempus
748 1124 1210 1184 accommodatum
1267 1136 1327 1172 ut
1364 1126 1410 1173 si
1448 1143 1476 1172 a
1514 1143 1691 1173 narra-

122 1210 272 1259 tione
310 1208 483 1258 dicere
521 1211 869 1276 incipiamus,
928 1220 1019 1258 aut
1055 1209 1122 1258 ab
1161 1210 1341 1278 aliqua
1379 1206 1692 1274 firmissima

123 1295 609 1364 argumentatione,
665 1306 758 1343 aut
795 1312 823 1341 a
861 1293 1135 1343 literarum
1174 1294 1471 1364 aliquarum
1508 1295 1691 1344 recita-

122 1381 270 1430 tione
285 1396 309 1450 ;Δ
362 1391 454 1428 aut
506 1381 553 1428 si
591 1380 880 1429 secundum
918 1381 1238 1447 principium
1278 1377 1692 1430 confirmatione

123 1476 366 1523 utamur,
419 1464 610 1514 deinde
646 1467 984 1525 narratione3
1037 1477 1160 1523 aut,
1225 1467 1271 1514 si
1309 1472 1471 1533 quam
1508 1463 1693 1512 huius-

123 1552 274 1600 modi
332 1551 778 1616 permutationem
836 1550 1037 1602 ordinis
1099 1547 1385 1602 faciamus:
1437 1565 1692 1617 ‚quorum

125 1634 263 1686 nihil
289 1651 426 1692 non,
466 1636 512 1684 si
550 1652 707 1684 causa
742 1627 1004 1701 postulet,
1044 1630 1166 1682 fieri
1197 1633 1484 1701 oportebit.
1557 1634 1693 1682 Nam

125 1722 175 1771 si
210 1719 541 1771 vehementer
579 1737 728 1769 aures
768 1719 1073 1768 auditorum
1104 1718 1325 1768 obtusae
1350 1717 1690 1775 videbuntur,

127 1819 287 1876 atque
339 1807 503 1854 animi
554 1802 831 1876 defatigati
882 1803 947 1853 ab
998 1804 1309 1855 adversariis
1348 1803 1692 1853 multitudine

126 1891 443 1949 verborum,
496 1890 771 1945 commode
808 1891 1099 1957 poterimus
1151 1891 1414 1957 principio
1454 1904 1688 1956 superse-

128 1978 281 2035 dere,
321 1989 374 2027 et
411 1977 640 2027 exordiri
673 1992 884 2024 causam
923 1987 1015 2028 aut
1051 1993 1082 2024 a
1118 1978 1451 2034 narratione,
1492 1986 1587 2023 aut
1623 1972 1691 2022 ab

130 2062 311 2131 aliqua
361 2059 518 2111 firma
567 2063 1039 2131 argumentatione.
1138 2061 1370 2119 Deinde,
1437 2062 1485 2110 si
1536 2075 1694 2107 causa

129 2160 313 2197 nostra
349 2164 594 2217 magnam
630 2143 1006 2196 difficultatem
1043 2147 1311 2198 videbitur
1347 2144 1568 2202 habere,
1631 2153 1696 2191 ut

131 2250 286 2282 nemo
337 2249 510 2300 aequo
560 2233 736 2286 animo
797 2233 1117 2299 principium
1165 2233 1336 2299 possit
1387 2230 1600 2288 audire;
1663 2246 1694 2276 a

131 2320 437 2368 narratione
475 2335 639 2385 quum
675 2319 1055 2384 inceperimus,
1098 2317 1165 2365 ad
1202 2315 1449 2381 principii
1487 2325 1691 2362 senten·

134 2405 264 2452 tiam
301 2413 625 2452 revertamur
661 2401 858 2451 licebit.
945 2403 1003 2453 Si
1050 2402 1284 2449 narratio
1339 2416 1526 2466 parum
1573 2414 1693 2465 pro-

132 2487 324 2538 habilis
364 2498 471 2544 est,
541 2488 872 2537 exordiemur
908 2486 973 2535 ab
1012 2485 1189 2554 aliqua
1225 2481 1381 2533 firma
1418 2499 1691 2554 argumen-

131 2575 352 2623 tatione.
450 2573 542 2620 His
581 2570 1120 2628 commutationibus,
1162 2581 1215 2619 et
1250 2566 1691 2619 translationibus

132 2660 368 2726 partium
407 2673 559 2723 saepe
596 2659 679 2706 uti
714 2640 923 2706 necesse
961 2668 1066 2713 est,
1097 2673 1261 2724 quum
1300 2657 1412 2721 ipsa
1450 2669 1532 2702 res
1571 2653 1692 2700 arti-

135 2740 380 2800 ficiosam
417 2742 819 2810 dispositionem
857 2737 1147 2800 artificiose
1182 2750 1505 2791 commutare
1533 2732 1695 2807 cogit.
