1878 3198
306 199 971 250 RHETORIC-ORUM
1036 202 1194 247 LIB.
1238 203 1314 245 11.
1356 213 1437 257 27.
1547 217 1654 266 515

88 368 237 427 dere,
286 384 317 416 a
358 383 501 436 quo,
553 377 606 415 et
641 383 734 434 per
775 362 939 436 quos,
978 372 1031 414 et
1065 381 1173 434 quo
1209 363 1402 423 modo,
1454 375 1507 414 et
1535 381 1654 434 quo

86 465 321 520 tempore
365 463 460 505 aut
496 453 612 529 egi,
652 463 741 500 aut
779 451 1034 508 iudicari,
1070 461 1163 499 aut
1203 453 1369 504 statui
1404 450 1470 500 de
1510 467 1570 499 ea
1594 456 1654 501 re

12 540 16 545 ’
85 539 389 589 convenerit
405 555 420 597 ;
462 554 521 586 ac
547 535 704 587 simul
731 537 1034 595 ostendere,
1073 554 1181 595 non
1209 538 1510 604 oportuisse
1533 547 1654 585 ante

83 623 432 691 supplicium,
501 641 660 692 quam
709 622 999 680 iudicium,
1060 624 1414 690 interponere.
1515 625 1654 673 Tum

82 710 222 782 leges
272 694 487 779 quoque
536 720 590 757 et
638 708 839 757 iudicia
889 708 1300 758 demonstranda
1351 720 1506 777 sunt,
1560 725 1654 778 per

85 814 222 866 quae
255 796 490 863 potuerit
526 793 584 843 id
620 805 926 860 peccatum,
988 794 1136 862 qu'od
1176 805 1363 861 sponte
1400 810 1495 844 sua
1531 810 1656 843 reus

82 883 302 951 punitus
341 882 451 938 sit,
489 878 728 928 moribus
768 890 819 937 et
855 879 1055 929 iudicio
1094 880 1372 931 vindicari.
1447 880 1656 931 Deinde

7 976 10 980 '
84 984 275 1038 negare
313 964 556 1022 debebit,
609 965 783 1014 audiri
821 976 1066 1032 oportere
1104 966 1189 1024 id,
1253 966 1402 1036 quod
1438 967 1495 1014 in
1534 982 1655 1014 eum

9 1095 16 1101 .
85 1054 322 1104 criminis
359 1049 693 1107 conferatur,
735 1050 946 1121 dequo
982 1052 1028 1099 is
1067 1052 1208 1118 ipse,
1262 1054 1356 1122 qui
1395 1049 1654 1110 conferat,

84 1139 344 1188 iudicium
378 1134 501 1185 fieri
538 1135 803 1195 noluerit;
843 1147 893 1185 et
918 1130 1002 1194 id,
1044 1138 1190 1206 quod
1223 1137 1519 1187 iudicatum
1546 1153 1659 1187 non

83 1226 183 1281 sit,
223 1240 320 1291 pro
360 1219 558 1271 infecto
594 1220 780 1272 haberi
817 1233 1094 1288 oportere3
1156 1233 1344 1289 postea
1381 1222 1658 1289 impuden-

81 1311 212 1359 tiam
251 1309 614 1358 demonstrare
650 1324 864 1364 eorum,
925 1308 1021 1376 qui
1061 1324 1181 1356 eum
1220 1326 1362 1358 nunc
1399 1308 1541 1375 apud
1578 1310 1656 1357 iu-

84 1395 226 1446 dices
265 1404 536 1454 accusent,
577 1410 735 1462 quem
770 1394 883 1441 sine
911 1391 1179 1442 iudicibus
1209 1395 1314 1461 ipsi
1338 1394 1655 1444 condemna·
1690 1400 1699 1414 ⁸

17 1520 19 1522 -
81 1483 220 1538 rint,
275 1491 328 1528 et
364 1479 428 1529 de
466 1495 528 1527 eo
567 1476 827 1526 iudicium
865 1475 1093 1536 faciant,
1157 1479 1220 1529 de
1262 1496 1369 1547 quo
1406 1481 1511 1527 iam
1551 1479 1658 1547 ipsi

83 1565 403 1633 supplicium
453 1564 752 1612 sumserint.
853 1565 1044 1612 Postea
1092 1562 1655 1630 perturbationemiu·

84 1651 211 1702 dicii
248 1647 513 1706 futuram,
577 1658 630 1696 et
675 1647 878 1697 iudices
927 1647 1173 1718 longius,
1229 1666 1388 1717 quam
1425 1658 1656 1714 potesta-

5 1762 20 1802 ,ζ
81 1747 187 1786 tem
224 1733 481 1791 habeant,
520 1750 924 1803 progressuros,
965 1735 1011 1782 si
1050 1733 1210 1782 simul
1248 1745 1298 1782 et
1340 1734 1404 1782 de
1441 1750 1563 1791 reo,
1605 1743 1658 1783 et

4 1810 8 1826 ι
83 1821 146 1872 de
169 1838 263 1878 eo,
305 1836 462 1888 quem
486 1836 606 1867 reus
634 1830 849 1888 arguat,
906 1818 1224 1878 iudicarint3
1279 1818 1499 1876 deinde„
1551 1817 1656 1867 hoc

4 1927 9 1933 ·
83 1909 130 1956 si
167 1907 512 1956 constitutum
550 1906 645 1962 sit,
686 1915 747 1952 ut
781 1914 995 1970 peccata
1032 1902 1274 1954 homiues
1301 1907 1560 1971 peccatis,
1602 1914 1656 1953 et

6 2004 17 2015 ’
83 1993 302 2041 iniurias
341 1991 553 2039 iniuriis
592 1987 944 2046 ulciscantur,
987 2001 1249 2058 quantum
1288 1988 1656 2039 incommodo·-

82 2095 199 2126 rum
224 2087 611 2144 consequatur3
660 2090 720 2123 ac
747 2075 794 2122 si
825 2074 967 2124 idem
995 2071 1166 2122 facere
1192 2076 1333 2143 ipse,
1388 2076 1482 2142 qui
1512 2089 1655 2131 nunc

84 2174 320 2219 accuset,
371 2161 658 2217 voluisset,
708 2176 773 2208 ne
811 2157 917 2210 hoc
954 2160 1173 2229 quidem
1201 2162 1318 2226 ipso
1359 2159 1653 2227 quidquam

15 2281 24 2298 s
85 2264 216 2315 opus
243 2245 408 2296 fuisse
447 2246 678 2304 iudici03
730 2247 777 2294 si
802 2263 926 2297 vero
958 2246 1116 2294 ceteri
1141 2261 1355 2313 quoque
1394 2244 1536 2293 idem
1576 2240 1653 2292 fa-

84 2334 251 2390 ciant,
305 2333 522 2381 omnino
562 2331 822 2380 iudicium
859 2328 1064 2378 nullum
1100 2327 1360 2377 futurum.
1461 2331 1655 2378 Postea

4 2462 26 2478 ,.
84 2415 565 2475 demonstrabitur,
605 2434 699 2475 ne,
741 2419 786 2466 si
805 2415 1005 2465 iudicio
1035 2413 1251 2483 quidem
1281 2413 1371 2462 illa
1406 2414 1654 2463 damnata

83 2515 247 2560 esset,
310 2504 367 2572 in
403 2520 564 2570 quarn
602 2502 660 2550 id
698 2503 897 2553 crimen
934 2499 1000 2549 ab
1036 2516 1128 2548 reo
1168 2496 1502 2558 conferatur,
1559 2516 1653 2566 po-

86 2590 251 2638 tuisse
275 2587 420 2636 hunc
446 2588 619 2653 ipsum
647 2586 712 2636 de
736 2586 825 2635 illa
851 2585 1170 2653 supplicium
1200 2601 1434 2644 sumere;
1488 2600 1652 2654 quare

32 2699 38 2704 ·
86 2689 198 2722 esse
236 2673 543 2742 indignum,
595 2688 746 2730 eum,
788 2673 892 2740 qui
929 2688 993 2719 ue
1033 2671 1096 2720 de
1147 2670 1395 2718 damnata
1434 2668 1650 2738 quidem

87 2775 279 2824 poenas
307 2774 511 2808 sumere
534 2758 812 2824 potuisset,
838 2756 916 2818 vde
943 2773 1002 2805 ea
1031 2754 1351 2823 supplicium
1379 2756 1650 2821 sumsisse,

1260 2915 1276 2936 Χ
