1878 3198
755 99 762 107 =
798 93 805 111 N

204 197 900 277 RHETORICORUM'
930 231 1088 276 LIB.
1131 232 1205 276 11.
1251 243 1332 276 22.
1374 244 1458 286 25.
1543 247 1648 297 507

79 395 340 446 ostendat.
414 394 568 444 Nunc
591 391 889 442 iuridiciale
915 408 1080 462 genus
1108 402 1159 440 et
1184 404 1360 458 partes
1389 393 1500 443 eius
1527 411 1646 444 con·

77 480 385 530 sideremuS.

187 576 271 623 25.
338 564 792 615 Iuridicialis
833 574 941 621 est,
1005 565 1061 613 in
1084 581 1190 633 qua
1215 566 1371 634 aequi
1398 570 1450 613 et
1473 565 1651 634 iniqui

79 660 268 698 natura
284 686 298 707 ‚
339 661 392 701 et
417 635 639 718 praemii
665 662 757 699 aut
785 642 1155 716 poenae'ratio
1180 652 1468 718 quaeritur.
1543 653 1648 700 Hu-

78 734 172 802 ius
205 746 381 801 partes
418 728 543 786 sunt
578 737 741 794 duae,
810 753 1036 803 quarum
1075 734 1292 784 alteram
1331 734 1648 796 absolutam,

81 822 426 870 assumtivam
465 821 681 891 alteram
718 823 1072 870 nominamus.
1170 820 1516 871 Absoluta
1551 834 1648 897 est,

81 922 217 973 quae
261 907 376 972 ipsa
423 909 479 956 in
532 925 616 965 se,
695 924 802 955 non
850 917 908 955 ut
960 905 1241 976 negotialis
1290 907 1546 974 implicite
1598 920 1653 958 et

71 988 422 1049 abscondite,
465 992 556 1041 secl
592 993 858 1058 patentius
896 990 944 1040 et
975 992 1266 1058 expeditius
1297 994 1428 1041 recti
1462 1004 1513 1042 et
1543 1011 1651 1043 non

78 1078 212 1125 recti
263 1079 630 1145 quaestionem
687 1079 940 1126 continet.
1050 1079 1127 1126 Ea
1183 1088 1262 1125 est
1312 1075 1648 1139 huiusmodi:

78 1161 303 1225 „Quum
334 1160 574 1211 Thebani
600 1163 1046 1212 Lacedaemonios
1072 1160 1212 1211 hello
1239 1165 1648 1228 superavissent,

79 1254 134 1295 e‘t
173 1243 282 1295 fere
329 1265 444 1297 mos
501 1260 634 1297 esset
675 1250 878 1304 Graiis,
942 1266 1108 1316 quum
1153 1248 1293 1296 inter
1342 1265 1397 1296 se
1449 1247 1649 1298 bellum

16 1371 20 1373 ,
79 1333 391 1400 gessissent,
435 1345 496 1382 ut
533 1335 600 1390 ii,
642 1336 747 1402 qui„
777 1336 1052 1390 vicissent,
1109 1344 1387 1399 tropaeum
1429 1334 1651 1403 aliquod

19 1471 26 1477 ι,
77 1418 135 1465 in
173 1414 375 1467 finibus
414 1429 735 1476 statuerent,
776 1420 1027 1469 victoriae
1066 1418 1226 1467 modo
1264 1421 1319 1467 in
1354 1421 1652 1486 praesentia

6 1552 8 1554 ,
79 1502 424 1557 declarandae
465 1520 649 1560 causa,
689 1521 796 1553 non
834 1514 896 1551 ut
939 1505 995 1551 in
1031 1515 1349 1570 perpetuum
1383 1503 1510 1553 belli
1545 1523 1649 1555 me·

9 1629 16 1646 ,
80 1589 253 1636 moria
291 1599 553 1646 maneret3
595 1605 813 1636 aeneum
845 1573 1150 1636 statuerunt·
1185 1600 1478 1656 tropaeum.
1552 1593 1649 1640 Ac·

82 1683 335 1721 cusantur
361 1673 503 1739 apud.
529 1672 1008 1742 Amphictyonas.“
1082 1674 1311 1723 Intentio
1347 1686 1451 1725 est:
1491 1677 1652 1734 „Non

82 1758 341 1823 oportuit.
361 1764 397 1786 ‘⁶
481 1758 734 1824 Depulsio
774 1770 879 1807 est:
943 1758 1310 1824 ‚,Oportuit.“
1397 1760 1650 1825 Quaestio

10 1834 21 1851 ’
81 1853 190 1891 est:
243 1842 762 1909 ‚,Oportueritne‘?“
834 1845 990 1892 Ratio
1031 1855 1135 1892 est:
1190 1846 1374 1902 „Eam
1411 1847 1549 1894 enim
1591 1863 1655 1895 ex

6 1978 8 1982 ,
81 1926 221 1976 hello
251 1928 471 1998 gloriam
498 1931 695 1979 virtute
720 1930 1048 1996 peperimus,
1104 1940 1163 1977 ut
1194 1931 1305 1978 eius
1336 1941 1546 1980 aeterna
1575 1933 1651 1980 in·

83 2015 252 2082 signia
294 2016 520 2079 posteris
565 2016 764 2063 nostris
814 2013 1109 2082 relinquere
1160 2014 1429 2065 vellemus.
1449 2023 1483 2046 ‘⁶
1570 2018 1652 2065 In-

83 2095 323 2147 firmatio
374 2110 494 2146 est:
572 2101 868 2155 „Attamen
925 2111 1199 2149 aeternum
1248 2103 1652 2152 inimicitiarum

0 2165 16 2259 ζ
82 2192 490 2232 monumentum
527 2185 715 2238 Graios
758 2186 821 2234 de
870 2186 1045 2235 Graiis
1083 2197 1316 2234 statuere
1350 2170 1460 2235 non
1499 2203 1651 2252 opor-

22 2272 24 2276 '
83 2279 176 2316 tet.
197 2275 232 2297 ‘¹
318 2269 578 2318 Iudicatio
617 2280 724 2318 est:
784 2271 1019 2336 „Quum
1060 2288 1294 2320 summae
1328 2273 1539 2321 virtutis
1576 2289 1651 2320 ce-

82 2351 364 2403 lebrandae
408 2371 566 2402 causa
606 2355 754 2403 Graii
794 2356 858 2404 de
893 2358 1065 2406 Graiis
1118 2367 1388 2405 aeternum
1424 2358 1650 2405 inimici-

18 2427 42 2471 s
84 2440 281 2488 tiarum
308 2451 708 2488 monumentum
738 2443 1051 2506 statuerint,
1091 2453 1327 2498 rectene,
1369 2459 1435 2490 an
1467 2454 1652 2492 contra

85 2521 362 2573 fece1·int.“
436 2527 581 2572 Hanc
617 2524 737 2574 ideo
776 2527 1038 2575 rationem
1074 2525 1423 2583 subiecimus,
1462 2539 1524 2576 ut
1546 2527 1651 2577 hoc

88 2625 274 2678 causae
312 2627 474 2679 genus
515 2610 722 2675 ipsum,
774 2611 838 2660 de
879 2627 986 2678 quo
1027 2613 1259 2680 agimus,
1314 2628 1649 2682 cognoscere-

89 2705 191 2744 tur.
266 2696 398 2744 Nam
425 2697 470 2743 si
495 2712 609 2743 eam
639 2698 1098 2762 supposuissemus
1115 2732 1130 2754 ‚
1185 2714 1288 2765 qua
1315 2694 1542 2746 fortasse
1567 2700 1651 2747 usi

88 2792 241 2830 suut:
282 2782 443 2839 „Nou
469 2783 609 2829 enim
634 2782 789 2839 iuste,
817 2785 987 2849 neque
1011 2782 1097 2847 pie
1120 2774 1317 2831 bellum
1344 2784 1577 2852 gessistis
1592 2791 1651 2842 3⁶⁶
