1878 3198
300 193 970 247 RHETORICORUM
1027 199 1183 247 Lm.
1235 205 1308 247 11.
1353 170 1448 255 μ.
1568 170 1672 268 505

188 405 192 409 ,
226 375 310 411 22.
380 361 534 412 Nunc
581 359 744 410 huius
769 363 997 432 *generis
1043 374 1323 430 praecepta
1372 364 1667 426 videamus.

64 463 75 471 ‘
99 447 383 516 Utrisque,
424 458 518 496 aut
557 447 718 496 etiam
758 447 1037 505 omnihus,
1078 450 1124 498 si
1161 449 1336 516 plures
1381 448 1668 521 ambigent,
1702 498 1708 502 ,

99 534 183 583 ius
223 549 286 584 ex
323 531 521 602 quibus
572 530 731 582 rebus
779 544 1014 593 constet,
1082 546 1162 583 est
1206 534 1668 585 considerandum.

98 618 483 689 Initiumergo
521 620 633 668 eius
671 617 736 667 ab
769 631 957 668 natura
987 619 1204 669 ductum
1233 620 1472 680 videtur;
1513 637 1670 690 quae-

20 731 33 763 ³,
101 702 236 752 dam·
265 715 444 752 autem
471 721 532 753 ex
559 703 810 753 utilitatis
834 706 1040 754 ratione
1067 717 1159 754 aut
1180 708 1461 773 perspicua
1492 696 1668 764 nobis,

99 800 195 838 aut
231 787 487 846 obscura,
552 791 608 838 in
642 791 1080 840 consuetudinem
1117 794 1354 852 venisse3
1416 804 1541 858 post
1581 810 1669 841 au-

99 884 236 931 tem,
290 861 583 943 approbata
625 877 883 946 quaedam
925 894 954 924 a
991 876 1373 927 consuetudine
1411 889 1506 927 aut
1542 894 1669 928 vero

99 959 256 1013 utilia
308 962 450 1018 visa,
512 960 719 1031 legibus
761 979 872 1011 esse
912 960 1143 1011 firmata.
1254 965 1333 1013 Ac
1382 974 1673 1012 naturae

97 1045 316 1114 quidem
371 1036 667 1104 ius'esse,
732 1048 882 1116 quod
931 1046 1086 1096 nobis
1136 1065 1244 1097 non
1298 1049 1515 1115 opinio,
1580 1049 1673 1098 sed

97 1131 358 1200 quaedam
398 1133 581 1180 innata
616 1133 694 1182 vis
734 1129 945 1197 afferat,
1014 1144 1074 1180 ut
1114 1120 1456 1204 religionem,
1508 1135 1672 1199 pieta·

18 1216 26 1227 ⁸
97 1226 236 1274 tem,
276 1218 529 1287 gratiam,
571 1218 1019 1275 vindicationem,
1075 1216 1497 1276 observantiam,
1541 1221 1671 1270 veri-

97 1311 280 1351 tatem.
354 1305 401 1351 R
416 1302 631 1372 eligio
650 1321 685 1351 n
702 1320 727 1351 e
742 1322 795 1351 m
811 1339 825 1361 ,
866 1321 979 1352 eam
995 1339 1009 1360 ‚
1051 1321 1188 1373 quae
1217 1306 1272 1352 in
1312 1317 1458 1354 metu
1485 1316 1537 1354 et
1564 1322 1674 1354 cae·

21 1416 24 1423 -
47 1407 56 1417 ¹
96 1385 326 1436 rimonia
364 1387 587 1437 deorum
625 1390 696 1437 sit
709 1424 723 1446 ,
766 1389 1031 1456 appellant
1049 1405 1063 1448 ;
1124 1407 1158 1456 p
1176 1391 1234 1438 ie
1249 1401 1273 1439 t
1289 1409 1317 1438 a
1330 1401 1354 1439 t
1367 1407 1394 1438 e
1411 1408 1464 1438 m
1481 1426 1495 1448 ,
1538 1407 1674 1460 quae

99 1486 222 1541 erga
260 1474 485 1538 patriam
502 1508 517 1530 ,
559 1485 650 1522 aut
673 1486 947 1540 parentes,
991 1485 1082 1522 aut
1110 1474 1243 1523 alios
1272 1477 1525 1546 sanguine
1553 1493 1674 1524 con·
1711 1536 1714 1539 Δ

16 1561 33 1584 ·’
97 1556 308 1605 iunctos
362 1555 598 1607 officium
648 1574 960 1608 conservare
1021 1571 1267 1618 moneat3
1345 1577 1378 1629 g
1391 1578 1417 1608 r
1432 1578 1461 1608 a
1473 1571 1497 1609 t
1511 1562 1529 1608 i
1545 1578 1571 1608 a
1587 1578 1640 1608 m
1657 1595 1671 1618 ,

46 1658 51 1670 ¹
98 1658 233 1710 quae
273 1644 328 1690 in
365 1645 651 1699 memoria,
693 1654 746 1692 et
781 1645 1208 1693 remuneratione
1247 1641 1579 1703 officiorum,
1621 1656 1674 1694 et

96 1723 350 1783 honoris,
422 1740 476 1776 et
537 1729 924 1785 amicitiarum,
1011 1726 1403 1779 observantiam
1460 1741 1670 1789 teneat3

97 1811 689 1870 vindicationem,
722 1830 817 1880 per
832 1830 1013 1882 quam,
1039 1815 1165 1869 vim,
1197 1824 1250 1862 et
1275 1815 1670 1873 contumeliam,

101 1893 464 1955 defendendo,
519 1911 614 1948 aut
653 1899 986 1966 ulciscendo,
1021 1899 1411 1966 >propulsamus
1436 1919 1466 1949 a
1494 1899 1670 1959 nobis,

101 1992 154 2030 et
195 2000 223 2030 a
262 1985 492 2042 nostris,
569 1986 663 2053 qui
701 1983 856 2034 nobis
903 2001 1013 2033 esse
1053 1986 1161 2032 cari
1197 1984 1446 2044 debent,
1489 1998 1538 2035 et
1579 2002 1674 2053 per

103 2058 263 2136 quam
321 2081 535 2135 peccata
583 2070 867 2136 punimus;
942 2068 1502 2128 observantiam,
1580 2089 1674 2137 per

45 2163 53 2173 ²·
101 2170 261 2221 quam
287 2166 486 2213 aetate,
525 2165 618 2202 aut
645 2155 935 2220 sapientia,
976 2166 1069 2204 aut
1098 2153 1334 2213 honore,
1375 2167 1467 2204 aut
1496 2155 1673 2225 aliqua

35 2255 39 2257 “
105 2238 358 2308 dignitate
397 2239 762 2297 antecedentes
808 2257 1079 2298 veremur,
1120 2252 1173 2289 et
1213 2240 1465 2299 colimus;
1505 2243 1673 2291 veri-

50 2311 62 2392 s
102 2334 346 2382 tatem,
395 2342 488 2392 per
525 2342 685 2392 quam
726 2325 912 2374 damus
957 2342 1202 2392 operam,
1253 2342 1318 2373 ne
1342 2326 1473 2394 quid
1500 2325 1669 2383 aliter,

105 2425 265 2477 quam
301 2407 823 2468 confirmaverimus,
863 2408 990 2467 fiat,
1031 2421 1126 2458 aut
1159 2407 1359 2458 factum
1400 2422 1491 2460 aut
1530 2408 1670 2460 futu-

39 2537 45 2540 .
105 2510 222 2542 rum
259 2496 347 2544 sit.
432 2497 509 2545 Ac
535 2506 756 2544 naturae
780 2495 997 2563 quidem
1023 2496 1139 2543 iura
1163 2496 1341 2544 minus
1374 2497 1490 2562 ipsa
1515 2514 1670 2566 quae·

106 2591 298 2628 runtur
337 2581 403 2630 ad
440 2580 578 2631 hanc
617 2582 1065 2638 controversiam,
1109 2580 1258 2648 quod
1289 2598 1458 2650 neque
1483 2583 1538 2630 in
1565 2580 1669 2632 hoc

109 2666 251 2716 civili
289 2668 405 2716 iure
444 2677 746 2725 versantur,
812 2678 866 2716 et
905 2684 935 2715 a
968 2665 1173 2735 vulgari
1207 2666 1558 2736 intelligentia
1591 2684 1669 2716 re-

180 2760 262 2799 Cic.
287 2761 468 2800 mmor.
510 2760 602 2800 Vol.
625 2762 663 2800 I.
1530 2767 1597 2804 20
1658 2764 1665 2786 ²
