1878 3198
268 195 706 264 nnnromc.
747 198 855 242 nn
892 177 1219 246 ι’ΝνΕΝΤ.
1277 197 1315 241 1.
1351 201 1426 250 25.
1560 196 1660 248 155

99 353 267 398 omnia
319 354 498 400 animi
525 368 660 404 sunt,
729 371 847 416 quae
901 344 1124 400 similiter
1178 353 1400 400 videmus
1455 343 1552 394 tam
1603 355 1663 394 ex

99 444 267 483 natura
296 438 467 489 nobis,
511 457 652 500 quam
696 457 754 484 ex
784 454 879 485 arte
908 441 1182 502 provenire.
1197 447 1227 466 “
1305 440 1545 483 Hactenus
1576 435 1663 484 Vi-

99 520 361 575 ctorinus,
401 526 488 586 qui
528 526 652 570 unde
694 527 747 570 id
787 527 1023 578 hauserit,
1082 527 1365 572 Ciceronem
1399 504 1457 568 Ἱι.
1488 522 1521 568 l.
1563 536 1665 565 non

104 610 278 655 nolum·
284 611 353 656 de
384 611 475 661 iis,
518 628 636 673 quae
666 625 886 663 natura,
881 613 1168 664 sedetiam
1187 613 1244 656 de
1272 611 1377 662 his,
1425 620 1544 670 quae
1568 619 1666 651 arte

25 743 35 747 ,
103 709 152 740 ot
188 695 444 757 disciplina
483 698 823 758 acquiruntui,
876 698 1037 759 loqui,
1093 698 1270 743 nescio.
1341 699 1407 741 Et
1449 693 1666 756 profecto

99 771 365 827 ridiculum
399 796 546 837 esset,
587 784 629 828 si
670 785 840 829 Cicero
866 784 947 828 hic
971 801 1046 835 ea,
1093 801 1210 845 quae
1247 781 1418 827 deinde
1452 780 1543 826 sub
1579 794 1667 822 no·

103 867 234 911 mine
267 867 532 914 habitus
574 883 810 921 recenset,
856 879 1112 914 natu‘rae
1146 870 1367 919 nomine,
1409 883 1470 911 ne
1505 865 1668 910 admo·

101 951 223 997 nito
248 954 444 1013 quidem
478 954 686 1006 lectore,
739 957 1142 1015 comprehendere
1187 936 1467 1000 voluisset».
1502 953 1670 1008 Itaque

101 1037 184 1081 hic
218 1048 403 1083 tantu'm
442 1040 498 1083 de
535 1053 729 1090 naturae
762 1042 954 1087 dotibus
991 1042 1069 1087 vel
1106 1040 1274 1090 vitiis,
1315 1038 1520 1083 minime
1550 1050 1668 1081 vero

106 1123 163 1167 de
201 1122 306 1174 his,
379 1142 496 1184 quae
534 1138 657 1177 arte,
716 1127 876 1171 studio
912 1139 993 1171 aut
1037 1125 1293 1187 disciplina
1337 1123 1670 1184 acquiruntur,

103 1209 218 1269 agit.
303 1211 381 1253 Ex
418 1227 515 1269 quo
564 1194 900 1271 consequitur,
957 1212 1275 1258 vocabulum*
1305 1209 1670 1256 officiosus

102 1293 186 1338 hic
213 1311 409 1356 prorsus
436 1295 645 1341 alienum
673 1313 786 1342 esse.
847 1299 989 1356 Quod
1014 1311 1172 1343 autem
1197 1313 1287 1358 pro
1315 1312 1370 1341 eo
1398 1294 1670 1353 recepimus

107 1396 168 1424 ex
211 1380 560 1426 nonnullorum
614 1383 750 1428 codd.
793 1377 1003 1427 lectione
1058 1382 1352 1428 vocabulum
1398 1382 1420 1425 f
1431 1376 1676 1428 acetus}

105 1464 158 1510 id
187 1466 239 1510 h.
265 1465 301 1511 l.
341 1468 641 1526 aptissimum
678 1481 759 1512 est.
843 1472 952 1528 Ipse
988 1469 1117 1512 enim
1148 1469 1316 1513 Cicero
1354 1467 1409 1511 de
1447 1465 1580 1527 Orat.
1607 1466 1673 1507 ΙΙ.

107 1567 146 1594 c.
181 1559 246 1606 14.
298 1551 568 1597 facetias
611 1569 707 1597 esse
743 1566 1003 1596 naturae
1041 1554 1304 1612 proprias,'
1330 1567 1487 1611 neque
1522 1549 1673 1617 ullam

104 1650 251 1680 artem
298 1637 585 1687 desiderare,
650 1639 1005 1698 pronuntiavit.
1094 1639 1318 1683 Ceterum
1352 1638 1524 1682 Cicero
1563 1634 1614 1678 h.
1640 1632 1672 1678 l.

109 1701 227 1766 dum
262 1735 540 1782 argumenta
574 1739 633 1767 ex
668 1724 830 1773 rebus,
876 1741 994 1784 quae
1028 1724 1245 1782 personis
1280 1723 1533 1770 attributae
1560 1720 1674 1769 sint,

109 1808 313 1869 petenda
350 1809 681 1868 persequitur,
712 1809 877 1868 paullo
913 1808 1141 1855 subtilius
1178 1822 1224 1862 et
1254 1807 1447 1869 plenius
1482 1820 1676 1850 enume-

48 1918 49 1922 =
108 1905 183 1936 rat
217 1908 385 1938 eorum
422 1893 603 1944 fontes,
646 1907 956 1945 naturam,
999 1895 1325 1945 habitum,
1372 1891 1674 1937 affectio·

109 1994 271 2027 nem3
339 1978 551 2022 studia
615 1980 982 2039 distinguendo,
1054 1977 1197 2041 quam
1239 1981 1420 2024 Partitt.
1472 1989 1671 2023 oraton.

112 2079 152 2107 c.
177 2079 272 2113 10.,
317 2063 404 2106 ubi
441 2077 728 2108 naturam
770 2064 940 2110 latiore
985 2066 1265 2126 significatu
1301 2078 1507 2110 sumtam
1545 2078 1676 2106 com·

111 2148 403 2208 prehendere
441 2149 508 2192 ait
545 2151 760 2200 animos,
807 2165 888 2196 aut
923 2153 1327 2212 quemadmodum
1367 2149 1546 2198 affecti,
1597 2159 1678 2191 aut

115 2235 521 2294 quemadmodum
563 2236 800 2280 commoti
837 2238 947 2283 sint.
1044 2238 1199 2282 Aliter
1236 2236 1379 2281 etiam
1418 2233 1676 2293 Quintilia-

113 2335 203 2363 nus
232 2321 290 2366 V.
325 2336 392 2364 10.
430 2331 501 2373 23.
540 2336 640 2381 sqq.
682 2320 804 2366 hanc
837 2309 939 2367 rem
974 2336 1166 2374 tractat,
1212 2322 1303 2366 etsi
1328 2322 1521 2366 videtur
1545 2316 1681 2365 hunc‘

115 2405 474 2455 Ciceronis‚sin
499 2421 595 2464 quo
619 2423 888 2459 versamur,
929 2408 1392 2469 locum,1·espexisse.

202 2492 312 2549 Pag.
335 2503 433 2534 221.
466 2507 514 2535 v.
540 2499 580 2546 4.
639 2493 876 2552 pudens
921 2519 978 2528 —
1034 2496 1161 2538 Haec
1196 2493 1342 2538 lectio
1375 2491 1511 2536 alteri
1539 2507 1674 2552 pru-

117 2575 260 2619 dens
298 2575 621 2634 praeferenda.
691 2580 900 2624 Pudor
941 2580 1069 2622 enim
1110 2579 1336 2623 naturalis
1378 2594 1476 2624 esse
1505 2590 1674 2638 potest.

115 2661 459 2704 Prudentia
500 2678 685 2724 semper
727 2664 981 2725 disciplina
1027 2678 1072 2709 et
1114 2682 1207 2709 usu
1248 2664 1531 2725 acquiritur.
1574 2655 1577 2658 ”

201 2747 309 2805 Pag.
337 2760 435 2791 221.
478 2764 525 2791 v.
555 2759 594 2803 5.
671 2750 891 2794 dantur
939 2776 995 2786 --
1066 2751 1144 2794 Sic
1185 2751 1318 2794 codd.
1364 2750 1502 2795 Leid.
1548 2766 1587 2792 1.
1631 2761 1703 2792 επ
