1878 3198
179 228 352 290 (235,
707 220 1286 270 nicanorus

227 385 411 442 „Nam
443 391 496 434 et
534 371 805 454 signorum
845 396 994 435 ortus
1019 396 1068 434 et
1093 384 1271 435 obitus
1303 380 1602 459 definitum?
1620 383 1788 456 quen-

227 469 365 528 dam,
397 470 636 520 ordinem
687 462 926 529 servant,
995 483 1046 519 et
1081 489 1283 520 annuae
1321 463 1795 531 commutationes,’

226 567 279 604 et
327 556 548 605 diurnae
602 568 994 627 nocturnaeque
1042 555 1432 623 vicissitudines
1473 549 1789 615 nonjm'oclo'

226 641 455 710 quadam
505 659 565 690 ex
601 646 910 693 necessitate
955 643 1385 710 semper-eodem
1423 643 1584 693 modo
1622 639 1790 702 fiunt,

224 743 407 776 verum
453 728 519 777 ad
570 727 828 777 utilitates
879 745 1098 798 quoque
1146 730 1319 778 rerum
1372 730 1607 778 omnium
1662 733 1787 778 sunt

225 812 680 872 accommodatae3
753 830 847 863 nec
895 812 1001 877 ulla
1048 816 1106 862 in
1154 832 1210 862 re
1261 815 1494 883 unquam
1549 800 1794 863 mut-ataef
1815 799 1817 803 V

221 896 516 965 quidquam
543 909 851 965 nocuerunt.
928 900 1074 963 Quae
1107 900 1257 970 signo
1285 910 1406 949 sunt
1432 900 1640 956 omn‘ia‘,
1679 914 1787 949 non

222 982 480 1031 mediocri
518 983 751 1052 quodam
790 984 1014 1034 consilio
1057 996 1303 1034 naturam
1338 984 1524 1033 mundi
1564 983 1786 1033 admini-

223 1068 438 1117 strari.“
514 1069 714 1133 Quinto
741 1069 1002 1119 inducunt
1028 1070 1147 1120 loco
1176 1069 1609 1137 complexionem,
1650 1075 1797 1138 quae

222 1153 422 1203 auvid
471 1151 633 1202 infert
680 1153 884 1211 solum,
949 1155 1097 1222 quod
1153 1173 1213 1204 ex
1251 1154 1497 1205 omnibus
1543 1147 1786 1223 partibus

224 1238 460 1306 cogitur,
515 1236 618 1287 hoc
653 1238 843 1287 modo:
901 1240 1184 1295 „Consilio
1221 1241 1385 1310 igitur
1421 1239 1651 1293 mundus
1696 1239 1784 1290 ad·

221 1323 558 1372 ministratur
574 1339 588 1382 ;
607 1330 642 1353 ‘⁶
694 1334 785 1372 aut
811 1341 976 1372 unum
1002 1326 1057 1373 in
1082 1324 1254 1373 locum
1282 1343 1447 1393 quum
1476 1325 1788 1375 conduxerit

219 1405 451 1458 breviter
486 1408 700 1474 propos‘
733 1409 909 1457 ionem
961 1421 1014 1459 et
1051 1412 1460 1467 assumtionem,
1524 1407 1687 1459 adiun'
1723 1410 1736 1423 ‘

221 1492 354 1560 quid
378 1510 455 1561 &ex
489 1490 573 1541 his
613 1418 955 1552 cc‘ciatur,
1011 1495 1077 1544 ad
1111 1493 1252 1544 hunc
1286 1495 1534 1546 modumz
1574 1496 1673 1561 „Q
1730 1547 1736 1552 ,
1789 1499 1797 1512 ’

222 1579 270 1626 si
311 1577 497 1627 melius
535 1590 787 1648 geruntur
824 1597 912 1637 ea,
966 1597 1103 1649 quae
1140 1579 1392 1638 consilio,
1453 1597 1612 1648 quam
1650 1590 1787 1649 q'uae
1824 1606 1827 1615 ·

219 1663 333 1712 sine
369 1661 592 1713 consilio
635 1663 1098 1724 administrantur3
1164 1664 1297 1714 nihil
1337 1676 1512 1714 autem
1548 1666 1789 1714 omnium

219 1765 397 1797 rerum
434 1748 618 1799 melius
662 1750 1094 1807 administratur,
1136 1768 1295 1818 quam
1323 1751 1494 1800 omnis
1521 1732 1752 1799 mundus
1767 1743 1798 1810 3*x

222 1832 446 1882 consilio
486 1835 649 1902 igitur
685 1835 912 1883 mundus
953 1835 1410 1884 administratur.“
1516 1835 1785 1903 Quinque·

220 1920 470 1985 partitam
519 1919 684 1988 igitur
736 1918 839 1970 hoc
888 1929 1042 1987 pacto
1076 1929 1267 1986 putant
1301 1935 1413 1968 esse
1458 1929 1786 1990 argumenta-

221 2005 440 2054 tionem.
1512 2002 1517 2007 ’
1557 1991 1561 1994 ⁶

306 2091 438 2157 ·Q„ui
466 2101 639 2139 autem
666 2091 987 2158 tripartitam
1016 2107 1129 2140 esse
1155 2085 1369 2148 dicunt,
1413 2080 1471 2140 'ii
1498 2108 1606 2141 non
1634 2089 1787 2141 aliter

220 2187 412 2247 putant
446 2178 661 2225 tractari
688 2187 930 2243 oportere
967 2178 1509 2245 argumentationem,
1549 2176 1640 2226 sed
1668 2192 1787 2243 par-

221 2264 465 2312 titionem
496 2260 687 2311 horum
713 2259 1115 2328 reprehendunt.
1220 2263 1423 2332 Negant
1448 2262 1586 2310 enim
1616 2276 1799 2330 neque·
1858 2268 1868 2280 ⁸

223 2366 253 2396 a
280 2349 645 2415 propositione
662 2382 676 2405 ,
740 2363 908 2414 neque
933 2345 997 2394 ab
1024 2349 1348 2397 assumtione
1375 2344 1782 2414 approbationes

223 2449 404 2481 earum
441 2434 666 2499 separari
710 2444 983 2499 oportere,
1035 2450 1204 2501 neque
1242 2432 1654 2500 propositionem
1694 2427 1782 2478 ab·

223 2517 479 2573 solutam,
521 2535 688 2585 neque
724 2519 1099 2566 assumtionem
1137 2516 1234 2567 sihi
1269 2514 1552 2585 perfectam
1593 2513 1780 2574 videri,

225 2618 359 2670 quae
400 2601 778 2668 approbatione
805 2599 1117 2651 confirmata
1155 2619 1259 2652 non
1285 2603 1370 2652 sit.
1447 2601 1621 2666 Quare
1648 2614 1781 2668 quas

223 2686 301 2735 illi
341 2686 470 2735 duas
500 2698 671 2753 partes
713 2698 1014 2745 numerent,
1063 2689 1476 2754 propositionem
1518 2695 1570 2733 et
1595 2699 1782 2750 appro-

223 2770 495 2822 bationem
510 2806 526 2830 ,
565 2772 669 2822 sibi
696 2790 855 2822 unam
880 2783 1081 2840 partem
1107 2772 1294 2833 videri,
1333 2770 1780 2840 propositionem3
