1878 3198
310 219 987 266 RHETORIC'ORUM·
1039 218 1199 268 LIB.
1240 224 1290 269 1.
1349 239 1431 268 ιο,
1578 243 1680 294 199

122 383 242 434 Non
269 383 409 432 enim
436 398 592 433 causa
624 383 691 433 ad
729 384 1196 441 cons-titutionem,
1235 385 1681 442 sedconstitutio

122 469 191 517 ad
228 483 439 516 causam
481 469 926 518 accommodatur.
1001 470 1072 520 At
1102 470 1484 520 demonstratio
1518 483 1570 520 et
1597 471 1689 521 de-⁴

120 552 365 607 liberatio
419 555 622 623 generis
673 571 859 603 causae
905 565 1078 620 partes
1127 572 1236 604 non
1282 564 1505 621 possunt
1543 568 1685 606 recte

121 640 331 706 putari,
372 639 519 707 quod
556 641 670 705 ipsa
708 650 834 688 sunt
861 656 1081 710 genera;
1118 640 1289 691 multo
1323 642 1486 711 igitur
1509 644 1684 693 minus

119 735 262 773 recte
298 725 465 791 partis
505 726 666 782 eius,v
700 725 847 792 quod
883 723 970 775 hic
1007 725 1166 782 dicit.
1213 737 1388 794 partes
1425 724 1686 793 putabun·
1754 737 1771 748 ·‘

28 854 42 862 ,
73 807 79 818 ““
120 819 226 858 tur.
314 808 518 858 Deinde
557 810 604 858 si
642 811 983 867 constitutiO,
1036 821 1089 858 et
1128 811 1271 877 ipsa,
1323 822 1376 860 et
1412 829 1535 878 pars
1573 812 1687 860 eius

122 892 388 962 quaelibet
406 929 421 951 ‚
470 895 786 944 intentionis
824 894 1064 962 depulsio
1105 907 1211 945 est:
1265 912 1411 965 quae¹
1439 897 1687 946 intentio-

122 981 204 1028 nis
243 978 483 1046 depulsio
521 996 629 1028 non
667 991 773 1037 est,
815 996 876 1028 ea
914 997 1009 1029 nec
1047 981 1393 1038 constitutio,
1434 997 1529 1029 nec
1564 996 1687 1047 pars

122 1065 527 1114 constitutionis
556 1076 652 1114 est.
725 1067 799 1115 At
825 1067 901 1123 si,
933 1075 1077 1135 ‘quae
1103 1067 1415 1116 intentionis
1445 1065 1687 1132 depulsio

76 1214 80 1218 ⁵
120 1166 231 1199 non
259 1160 368 1206 est,
409 1165 470 1197 ea
503 1166 600 1199 nec
627 1151 972 1208 constitutio,
1012 1167 1108 1199 nec
1132 1168 1253 1217 pars
1289 1151 1688 1201 constitutionis

121 1245 227 1284 est:
279 1234 665 1285 demonstratio
704 1247 756 1284 et
794 1234 1103 1285 deliberatio
1141 1253 1312 1304 neque
1353 1237 1684 1294 constitutio,

123 1336 220 1369 nec
245 1336 364 1387 pars
389 1322 784 1370 constitutionis
810 1333 906 1371 est.
980 1320 1157 1370 Placet
1187 1332 1364 1372 autem
1395 1323 1526 1390 ipsi,
1567 1337 1689 1370 con-

122 1406 458 1454 sti-tutionem
498 1407 814 1455 intentionis
855 1422 968 1455 esse
1013 1405 1421 1472 depulsionem3
1486 1405 1690 1475 placeat

121 1491 288 1560 igitur
321 1501 563 1557 oportet,
615 1490 1122 1540 demonstrationem
1159 1502 1211 1540 et
1253 1490 1688 1541 deliberationem

120 1592 230 1625 non
259 1592 371 1625 esse
404 1576 874 1646 constitutionem,
912 1592 1008 1623 nec
1033 1587 1237 1645 partem
1267 1576 1686 1625 constitutionis.

117 1661 295 1728 Atque
347 1657 452 1709 hoc
501 1660 688 1710 eodem
737 1658 1044 1731 urgebitur,
1097 1662 1208 1710 sive
1250 1661 1687 1711 constitutionem

102 1748 347 1813 primam
383 1762 569 1794 causae
607 1747 931 1796 accusatoris
968 1742 1430 1796 confirmationem
1479 1744 1686 1803 dixerit,

123 1832 233 1880 sive
271 1826 562 1880 defensoris
600 1831 828 1897 primam
867 1828 1306 1898 deprecationem.
1394 1832 1530 1880 Nam
1567 1846 1687 1878 eum

123 1917 306 1967 eadem
344 1918 520 1966 omnia
555 1916 895 1966 incommoda
934 1920 1239 1985 sequentur.
1295 1951 1305 1956 κ

228 2001 432 2050 Deinde
471 2001 840 2051 coniecturalis
882 2019 1039 2052 causa
1075 2019 1182 2052 non
1220 2012 1399 2068 potest
1432 1999 1589 2050 simul
1625 2016 1689 2048 ex

124 2086 306 2136 eadem
333 2086 513 2153 parte,
553 2085 739 2135 eodem
767 2088 823 2134 in
851 2104 1068 2156 genere,
1098 2098 1150 2135 et
1181 2085 1549 2138 coniecturalis
1577 2101 1688 2133 esse

122 2182 176 2220 et
212 2169 509 2222 definitiva.
624 2172 825 2221 Rursus
866 2187 960 2220 nec
1001 2169 1281 2222 definitiva
1320 2187 1476 2226 causa
1512 2179 1688 2235 potest

121 2255 283 2306 simul
316 2272 377 2305 ex
409 2256 588 2306 eadem
615 2269 796 2323 parte,
837 2257 1023 2306 eodem
1061 2258 1119 2314 in
1155 2247 1371 2326 genere,
1412 2266 1464 2303 et
1502 2250 1687 2303 defini-

121 2341 231 2390 tiva
267 2357 379 2389 esse
413 2351 464 2389 et
501 2340 829 2391 translativa.
904 2344 973 2391 Et
1001 2343 1218 2391 omnino
1257 2339 1400 2388 nulla
1429 2339 1684 2388 constitu·

121 2427 232 2484 tio,
272 2441 368 2474 nec
404 2442 524 2492 pars
565 2426 990 2484 constitutionis,
1021 2435 1215 2493 potest
1251 2424 1409 2474 simul
1447 2435 1498 2472 et
1535 2441 1684 2472 suam

120 2509 343 2569 habere,
383 2521 435 2558 et
461 2510 675 2560 alterius
701 2513 759 2560 in
798 2528 853 2560 se
894 2503 1001 2562 'vim
1039 2512 1335 2570 continere;
1373 2510 1494 2560 ideo
1536 2507 1684 2577 quod

121 2612 469 2665 unaquaeque
516 2612 576 2644 ex
620 2613 704 2655 se,
756 2608 807 2646 et
857 2614 917 2646 ex
965 2612 1060 2646 sua
1109 2606 1324 2654 natura,
1375 2593 1683 2662 simpliciter

123 2681 516 2740 consideratum
571 2680 732 2731 altera
752 2724 757 2728 .
778 2692 1007 2731 assumta
1059 2697 1308 2730 numerus
1347 2680 1680 2729 constitutio-

122 2782 248 2813 num
275 2764 593 2833 duplicatur,
633 2768 846 2831 nonssvis
873 2766 1272 2816 constitutionis
1300 2775 1537 2835 augetur.
1611 2763 1683 2811 At
