1878 3198
14 719 18 726 ι

0 710 32 842 ἐι

2 834 7 844 ιι

23 877 25 882 A
64 824 268 880 .quum
318 810 614 859 communis
668 809 751 858 lex
809 807 1082 860 hominem
1146 794 1384 859 occidere
1446 820 1668 880 vetaret,
1708 855 1709 859 ,

219 220 887 268 RHETOR‘ICORUM
943 185 1217 283 Lli3.11.
1260 227 1340 275 42.
1387 227 1470 275 45.
1556 233 1661 283 555

96 381 261 454 quum
286 383 370 434 lex
395 384 588 451 aperiri
611 394 792 450 portas
821 384 986 447 noctu
1009 392 1239 439 vetaret,
1294 383 1503 450 aperuit
1530 399 1664 450 quo·

79 469 220 520 dam
255 470 312 518 in
349 467 519 528 bello,
573 479 626 517 et
662 467 857 543 auxilia
894 467 1156 536 quaedam
1196 468 1252 516 in
1292 467 1549 534 oppidum
1587 484 1664 516 re-

97 556 269 622 cepit,
331 571 398 604 ne
436 553 501 603 ab
538 551 786 603 hostibus
825 555 1277 621 opprimerentur,
1334 554 1380 601 si
1417 549 1548 602 foris
1590 569 1667 601 es-

98 651 243 698 sent,
306 640 454 708 quod
506 655 672 721 prope
722 655 903 687 muros
953 636 1134 688 hostes
1173 649 1341 687 castra
1378 636 1666 697 haberent3

96 735 216 775 tum
263 724 520 779 relatio
574 725 922 781 criminis,
986 735 1048 771 ut
1096 725 1152 772 in
1191 739 1255 772 eo
1303 724 1502 783 milite,
1554 726 1667 793 qui,

96 893 376 945 tribunum
426 912 613 951 suum,
678 895 773 963 qui
822 895 930 944 vim
983 894 1089 943 sibi
1139 892 1322 943 afferre
1364 881 1667 951 conaretur,

100 980 326 1041 occidit3
366 993 484 1030 tum
519 980 818 1029 remotio
858 981 1206 1038 criminis,
1245 982 1387 1029 utin
1422 997 1514 1037 eo,
1555 981 1669 1048 qui,

99 1084 267 1136 quum
301 1065 412 1123 lex,
453 1064 649 1135 quibus
687 1063 875 1115 diebus
915 1066 972 1112 in
1008 1064 1338 1134 legationem
1369 1063 1671 1132 proficisce-

98 1163 273 1210 retur,
339 1153 743 1219 praestitueret,
812 1150 939 1219 quia
980 1162 1215 1199 sumtum
1267 1163 1517 1220 quaestor
1563 1168 1674 1200 non

101 1238 277 1294 dedit,
343 1234 614 1304 profectus
664 1253 772 1284 non
816 1247 923 1285 est:
984 1247 1101 1284 tum
1150 1237 1517 1286 concessio
1579 1252 1674 1302 per

99 1325 617 1393 purgationem,
669 1332 720 1370 et
756 1338 848 1388 per
894 1322 1465 1388 imprudentiam,
1517 1322 1675 1371 utin

99 1408 259 1461 vituli
306 1408 701 1458 immolatione:
752 1418 806 1455 et
842 1423 936 1473 per
993 1408 1159 1464 vim,
1224 1417 1287 1455 ut
1335 1408 1392 1455 in
1428 1407 1553 1457 navi
1590 1424 1673 1456 ro-

101 1506 295 1544 strata:
361 1506 414 1543 et
461 1510 555 1560 per
602 1509 859 1549 casum,
930 1504 992 1541 ut
1042 1493 1099 1540 in
1150 1494 1384 1542 Eurotae
1439 1491 1674 1541 fluminis

103 1578 486 1648 magnitudine.
577 1579 752 1643 Quare
803 1588 894 1625 aut
938 1579 1011 1625 ita
1062 1579 1320 1626 sententia
1371 1578 1673 1635 inducetur,

103 1675 165 1712 ut
202 1681 369 1712 unum
407 1663 666 1732 quiddam
714 1661 948 1712 voluisse
987 1664 1216 1729 scriptor
1254 1664 1674 1712 demonstretur:

105 1760 199 1797 aut
225 1750 330 1806 sic,
354 1799 362 1802 ,,
381 1760 444 1798 ut
482 1751 538 1798 in
576 1747 839 1797 eiusmodi
873 1764 930 1796 re
958 1759 1011 1797 et
1035 1759 1272 1814 tempore
1308 1747 1412 1798 hoc
1442 1748 1676 1800 voluisse

107 1834 378 1884 doceatur.
1369 1888 1371 1891 .

215 1929 299 1983 43.
348 1920 492 1989 Ergo
533 1919 608 1975 is,
662 1919 757 1987 qui
793 1919 1050 1986 scriptum
1090 1915 1369 1979 defendet,
1421 1918 1505 1969 his
1540 1919 1676 1969 locis

103 2004 415 2072 plerumque
452 2002 732 2062 omnibus,
795 2006 1052 2055 maiorem
1090 2016 1265 2054 autem
1306 2017 1509 2072 partem
1544 2022 1675 2054 sem-

104 2107 199 2157 per
235 2091 433 2157 poterit
467 2091 565 2138 uti.
664 2090 901 2137 Primum
952 2091 1225 2157 scriptoris
1265 2089 1675 2148 collaudat-ione,

108 2185 162 2222 et
196 2173 315 2223 loco
356 2175 658 2231 communi,
698 2173 832 2223 nihil
869 2191 988 2232 eos,
1029 2177 1124 2245 qui
1159 2175 1427 2233 iudicent,
1467 2176 1572 2224 nisi
1599 2175 1674 2233 id,

107 2258 257 2327 quod
308 2261 562 2325 scriptum
602 2260 700 2316 sit,
754 2271 988 2326 spectare
1043 2272 1315 2327 oportere;
1381 2271 1434 2309 et
1469 2259 1574 2310 hoc
1613 2277 1677 2309 eo

12 2384 36 2403 .,
108 2345 308 2416 Πιεςίε,
374 2345 420 2392 si
456 2343 750 2414 legitimum
798 2346 1055 2411 scriptum
1089 2343 1418 2410 proferetur,
1483 2344 1539 2393 id
1577 2355 1675 2404 est,

109 2439 204 2476 aut
239 2427 320 2477 lex
357 2429 500 2495 ipsa,
541 2437 634 2477 aut
670 2446 731 2477 ex
767 2428 880 2500 lege
907 2429 1126 2498 aliquid.
1201 2431 1395 2479 Postea
1421 2429 1567 2498 quod
1592 2446 1675 2479 ve-

109 2510 563 2562 hementissimum
602 2526 714 2572 est,
755 2511 914 2572 facti,
954 2525 1047 2562 aut
1083 2516 1395 2564 intentionis
1437 2514 1676 2566 adversa-

108 2597 311 2647 riorum
359 2615 479 2647 cum
529 2599 647 2664 ipso
698 2601 898 2665 scripto
950 2600 1318 2657 contentione,
1384 2599 1516 2667 quid
1538 2601 1677 2647 vscri·-

109 2691 265 2748 ptum
303 2684 399 2740 sit,
441 2684 572 2751 quid
608 2681 837 2739 factum,
890 2683 1023 2751 quid
1058 2684 1261 2732 iuratus
1292 2683 1476 2743 iudex3
1517 2685 1678 2752 quem

109 2763 287 2818 Iocum
324 2767 504 2817 multis
547 2769 719 2818 modis
758 2770 961 2821 variare
1000 2767 1299 2834 oportebit,
1352 2780 1466 2817 tum
1505 2771 1677 2836 ipsum

1413 2954 1426 2976 K
