1878 3198
229 198 886 268 R-HETORICORUM
942 200 1205 246 LIB.II.
1260 200 1347 256 56.
1387 212 1469 256 57.
1567 215 1673 264 527

255 269 331 299 ·.·
1114 287 1121 306 ,ι

32 420 35 423 v
84 360 232 420 ,leta3
297 371 393 409 aut
425 359 629 412 leviora
663 357 956 419 beneficia,
1020 378 1181 430 qnam
1213 360 1505 422 maleficia3
1558 375 1669 422 aut,

99 462 267 513 quum
312 442 589 494 beneficiis
629 444 802 497 honos
842 445 1059 497 habitus
1089 449 1199 505 sit,
1265 465 1362 515 pro
1400 445 1669 498 maleficio

95 544 321 597 poenam
359 532 499 579 sumi·
524 543 785 598 oportere.
860 534 1063 582 Deinde
1097 544 1253 599 turpe
1290 548 1430 591 esse,
1472 544 1565 581 aut
1594 535 1671 581 in-

97 614 256 675 utile,
297 617 518 687 ignosci.
593 597 827 674 Deinde,
870 618 934 666 de
971 635 1112 687 quo,
1152 629 1214 687 ut
1248 629 1484 684 potestas
1515 630 1669 675 esset,

97 717 253 768 saepe
291 703 554 768 optarint,
605 703 661 750 in
697 719 816 751 eum
841 714 1237 769 potest-atenon
1263 705 1375 762 uti,
1416 721 1669 755 summam
1709 746 1719 755 ,

99 802 212 835 esse
249 786 556 836 stultitiam:
599 798 652 836 et
677 789 909 857 cogitare
936 800 1209 854 oportere,
1238 800 1408 858 'quem
1435 791 1668 838 animum

99 862 344 929 in'eum‚
391 871 475 923 vel
511 871 666 940 quale
709 873 891 921 odium
931 871 1233 924 habuerint.

207 959 382 1007 Locus
423 969 598 1007 autem
635 961 923 1008 communis
961 961 1089 1017 erit,
1129 959 1425 1030 indignatio
1467 956 1666 1008 malefi-

99 1042 199 1101 cii3
223 1095 226 1100 f
253 1053 305 1091 et
343 1042 502 1101 alter,
544 1059 727 1092 eorum
760 1045 996 1093 misereri
1025 1057 1298 1112 oportere,
1335 1045 1430 1113 qui
1453 1054 1669 1110 propter
1716 1108 1719 1110 q

97 1125 401 1185 fortunam,
464 1145 602 1186 non,
666 1130 762 1198 qui
796 1141 1014 1197 propter
1051 1129 1305 1179 malitiam
1352 1131 1410 1177 in
1441 1129 1668 1177 miseriis

41 1265 44 1269 ,
99 1215 221 1263 sint.
560 1209 563 1211 ⁵
895 1276 898 1278 ‚

209 1300 476 1366 Quoniam
514 1301 680 1371 igitur
705 1298 760 1350 fn
796 1301 1027 1372 generali
1057 1301 1438 1351 constitutione
1465 1298 1670 1348 tamdiu
1741 1297 1743 1300 ’

98 1397 315 1452 propter
366 1387 479 1435 eius
527 1389 761 1453 partium
814 1386 1211 1436 multitudinem
1263 1402 1665 1457 commoramur,

98 1487 164 1519 ne
192 1468 334 1522 forte
368 1473 621 1522 varietate
659 1484 710 1522 et
739 1473 1174 1523 dissimilitudine
1206 1489 1387 1521 rerum
1418 1471 1668 1530 diductus

45 1618 49 1620 ῃ
100 1556 325 1606 alicuius
388 1560 595 1606 animus
661 1559 718 1606 in
768 1559 1032 1626 quendam
1092 1575 1320 1608 errorem
1366 1553 1665 1613 deferatur-3

63 1643 235 1712 (quid
282 1634 438 1692 etiam
490 1641 645 1691 nobis
696 1659 758 1691 ex
808 1660 870 1692 eo
930 1660 1118 1714 genere
1155 1653 1346 1701 restet,
1410 1652 1463 1690 et
1501 1656 1666 1710 quare

99 1739 288 1784 restet,
329 1728 717 1778 admonendum
751 1728 980 1778 videtffur

206 1824 292 1871 57.
332 1813 687 1862 Iuridicialem
724 1831 934 1863 causam
964 1829 1073 1862 esse
1100 1809 1434 1871 dicebamus,
1474 1812 1532 1860 in
1561 1829 1668 1879 qua
1722 1825 1725 1834 ¹

99 1900 256 1968 aequi
293 1910 346 1948 et
382 1899 557 1967 iniqui
593 1911 808 1959 natura,
862 1910 914 1948 et
937 1899 1157 1966 praemii
1182 1909 1276 1947 aut
1298 1913 1499 1965 poenae
1527 1897 1664 1945 latio

99 1994 458 2052 quaereretur.
542 1987 646 2034 Eas
696 2002 906 2042 causas,
958 1985 1014 2033 in
1065 1981 1262 2052 quibus
1302 1983 1371 2032 de
1404 1998 1576 2050 aequo
1614 1991 1666 2029 et

98 2070 286 2138 iniquo
326 2070 630 2137 quaeritur,
671 2071 1024 2136 exposuimus.
1097 2071 1281 2118 Restat
1303 2083 1471 2124 nunc,
1511 2077 1575 2115 ut
1599 2066 1665 2115 de

97 2156 330 2222 praemio
366 2165 418 2202 et
455 2154 520 2204 de
556 2171 726 2221 poena
765 2155 1097 2222 explicemus.
1189 2153 1324 2202 Sunt
1361 2152 1498 2200 enim
1533 2149 1663 2198 mul-

98 2250 182 2288 tae
220 2257 440 2297 causae,
480 2252 617 2307 quae
654 2257 715 2288 ex
750 2241 970 2306 praemii
1007 2239 1230 2288 alicuius
1257 2238 1513 2303 petitione
1543 2251 1662 2284 con-

99 2335 259 2374 stant.
330 2326 462 2374 Nam
500 2336 552 2373 et
589 2325 731 2391 apud
772 2325 975 2375 iudices
1017 2324 1081 2373 de
1116 2323 1349 2390 praemio
1391 2337 1544 2386 saepe
1584 2334 1664 2368 ac-

101 2422 404 2476 cusatorum
441 2411 744 2478 quaeritur,
811 2421 864 2459 et
900 2427 931 2457 a
968 2420 1185 2465 senatu,
1236 2417 1330 2455 aut
1367 2424 1397 2454 a
1436 2404 1661 2455 consilio

100 2494 318 2563 aliquod
354 2496 642 2562 praemium
678 2512 831 2562 saepe
866 2496 1081 2562 petitur.
1155 2494 1233 2541 Ac
1258 2494 1516 2541 neminem
1542 2507 1662 2539 con-

98 2581 273 2631 veniet
310 2572 589 2638 arbitrari,
628 2598 755 2638 nos,
796 2598 964 2648 quum
1002 2577 1222 2646 aliquod
1259 2576 1546 2644 exemplum
1572 2591 1664 2642 po-

99 2685 315 2726 namus,
357 2666 505 2736 quod
541 2667 597 2713 in
634 2677 822 2716 senatu
855 2675 1071 2735 agatur,
1113 2661 1178 2710 ab
1210 2661 1449 2711 iudiciali
1476 2677 1662 2731 genere

100 2753 447 2821 exemplorum
484 2751 739 2801 recedere.
853 2748 1136 2817 Quidquid
1171 2749 1309 2797 enim
1347 2747 1416 2797 dev
1446 2745 1662 2796 homine
