1924 3224
221 224 322 268 AD
353 221 849 268 HERENNIUM
916 222 1083 267 LIB.·
1116 191 1222 271 iv.
1270 236 1348 282 19.
1398 236 1479 277 20.
1574 237 1684 286 155,

80 383 357 440 ·t1·arium‚
415 394 467 432 et
505 382 899 433 conclusionem
939 379 1306 452 frequentibus
1345 380 1526 432 efferat
1560 400 1669 434 ver-

103 467 225 535 bis..
293 467 396 518 Sed
445 479 496 517 et
540 451 668 516 alias
718 485 934 536 quoque
972 486 1354 537 nonnunquam
1402 485 1508 517 non
1550 468 1670 517 alie·

104 571 234 604 num
258 557 364 611 est‘,
404 554 614 603 tametsi
641 569 852 601 necesse
876 571 983 602 non
1008 565 1116 613 est,
1135 554 1334 623 ,eloqui
1359 570 1441 602 res
1468 552 1668 623 aliquas

103 655 199 706 per
239 637 608 688 huiuscemodi
647 632 1086 689 continuationes.

213 737 297 773 20.
375 725 662 790 Compar
713 722 1033 790 appellatur,
1105 725 1253 793 quod
1304 722 1466 774 habet
1511 724 1567 772 in
1614 739 1669 771 se

107 806 345 858 membra
385 810 673 866 orationis,
735 809 800 858 de
838 807 1031 877 quibus
1069 821 1190 858 ante
1229 805 1486 868 diximus,
1534 824 1668 877 quae
1710 863 1711 866 Ἴ

107 905 354 944 constant
403 911 464 943 ex
514 895 629 960 pari
675 891 785 942 fere
829 911 1049 944 numero
1113 894 1450 962 syllabarum.
1557 895 1670 942 Hoc

106 996 216 1030 non
257 980 677 1029 dinumeratione
715 976 842 1028 fiet:
912 980 1070 1042 (nam
1119 980 1176 1030 id
1215 980 1430 1050 quidem
1466 978 1668 1045 puerile

107 1066 313 1128 esset‚)
364 1064 455 1113 sed
492 1075 702 1113 tantum
743 1061 923 1112 afferet
945 1082 1070 1114 usus
1100 1077 1150 1114 et
1178 1066 1478 1114 exercitatio
1507 1061 1667 1112 facul-

106 1150 264 1206 tatis,
317 1159 376 1197 ut
403 1149 564 1197 animi
591 1133 1014 1218 quodam-sensu
1052 1168 1147 1217 par
1185 1148 1479 1198 membrum
1517 1164 1666 1214 supe·
1709 1168 1711 1172 ¹

105 1235 240 1282 riori
288 1229 484 1282 'referre
530 1236 824 1302 possimus,
887 1232 991 1284 hoc
1043 1236 1236 1285 modo:
1311 1232 1422 1292 „In
1463 1233 1666 1301 proelio

106 1329 331 1368 mortem
369 1331 520 1386 pater
550 1318 862 1387 oppetebat,
916 1319 1061 1369 domi
1098 1318 1245 1370 filius
1280 1321 1489 1387 nuptias
1527 1335 1666 1367 com-

105 1402 354 1471 parabat3
410 1402 540 1453 haec
568 1406 744 1453 omnia
783 1421 966 1474 graves
994 1421 1141 1454 casus
1170 1403 1666 1454 administrabant.“

106 1489 264 1537 Item:
317 1488 477 1546 „Alii
515 1486 730 1539 fortuna
768 1487 1076 1538 facilitatem
1112 1489 1287 1547 dedit,
1348 1488 1475 1538 huic
1514 1489 1667 1538 indu·
1740 1532 1747 1537 ,μ

30 1569 40 1573 ’
107 1575 236 1622 stria
273 1575 524 1624 virtutem
567 1575 905 1640 comparavit.
927 1581 962 1603 ‘⁶
1052 1575 1112 1623 In
1149 1573 1252 1622 hoc
1289 1590 1475 1643 genere
1513 1589 1667 1640 saepe
1709 1597 1713 1603 ·

107 1655 229 1707 fieri
265 1670 471 1725 potest,
533 1669 595 1707 ut
639 1675 747 1707 non
781 1658 935 1725 plane
983 1676 1078 1724 par
1119 1660 1190 1707 sit
1223 1643 1470 1708 numerus
1512 1657 1664 1726 sylla-

105 1731 324 1802 barum,
377 1755 430 1792 et
463 1755 639 1792 tamen
677 1760 790 1792 esse
829 1743 1095 1801 videatur,
1157 1745 1204 1791 si
1237 1761 1342 1792 una
1379 1754 1470 1792 aut
1507 1745 1666 1791 etiam

107 1828 270 1877 altera
309 1828 510 1897 syllaba
539 1820 619 1878 est
644 1827 952 1878 alterutrum
978 1828 1219 1879 brevius:
1261 1839 1352 1876 aut
1385 1829 1461 1887 si,
1499 1845 1665 1899 quum

105 1915 162 1962 in
201 1913 364 1963 altero
402 1914 576 1981 plures
616 1925 765 1971 sunt,
827 1915 884 1963 in
924 1913 1089 1963 altero
1125 1913 1363 1983 longior,
1423 1925 1516 1961 aut
1552 1912 1664 1982 lon-

107 2000 308 2068 giores,
356 1984 606 2066 plenior,
667 2010 759 2047 aut
796 1998 1056 2064 pleniores
1092 1998 1321 2067 syllabae
1359 2009 1539 2056 erunt;
1603 2007 1666 2045 ut

103 2083 386 2153 longitudo
434 2095 526 2132 aut
560 2084 838 2150 plenitudo
880 2082 1069 2132 harum
1107 2082 1505 2133 multitudinem
1542 2081 1662 2130 alte·

107 2169 217 2215 rius
267 2180 576 2237 assequatur
616 2179 670 2217 et
704 2179 971 2236 exaequet.
1526 2154 1530 2160 Ι

214 2252 564 2302 Similiter
597 2253 840 2302 cadens
867 2255 1139 2304 exornatio
1163 2252 1468 2321 appellatur,
1496 2269 1661 2320 quum

106 2338 162 2383 iu
199 2336 380 2385 eadem
421 2340 814 2387 constructione
848 2336 1160 2396 verborum,
1233 2337 1339 2386 duo
1385 2348 1476 2385 aut
1510 2335 1662 2403 plura

106 2432 228 2469 sunt
263 2420 451 2479 verba,
518 2439 652 2490 quae
691 2422 932 2472 similiter
971 2423 1160 2471 iisdem
1198 2420 1403 2470 casibus
1442 2419 1658 2471 efferun-

106 2515 222 2563 tur,
276 2504 380 2555 hoc
406 2505 596 2556 modo:
659 2509 987 2565 „Hominem
1013 2507 1196 2556 laudas
1223 2519 1457 2577 egentem
1495 2510 1660 2558 virtu-

106 2593 205 2648 tis,
246 2589 599 2641 abundantem
638 2589 967 2642 felicitatis.“
1040 2593 1199 2640 Item:
1262 2594 1449 2649 „Huic
1485 2593 1658 2641 omnis

103 2678 161 2723 in
198 2678 419 2742 pecunia
459 2693 574 2743 spes
619 2689 731 2735 est,
772 2695 802 2725 a
841 2677 1098 2742 sapientia
1136 2687 1215 2725 est
1251 2679 1454 2725 animus
1491 2692 1658 2724 remo-

105 2771 208 2810 tus.
229 2767 263 2789 “
335 2787 407 2799 ·-
480 2760 817 2830 „Diligentia
867 2772 1133 2827 comparat
1184 2762 1426 2818 divitias,
1499 2758 1659 2827 negli-

1348 2955 1375 2964 f
