1924 3224
620 178 1059 237 CAPUT
1173 180 1228 219 1.
1643 177 1798 235 XV„

169 304 279 411 ,tit
321 329 650 428 particula:
707 363 854 402 nam
908 340 1014 400 hic
1070 355 1144 398 ut
1215 357 1395 418 saepe
1452 337 1736 417 ponitur,

170 466 409 527 omissa
444 460 643 520 ‘brevi
708 457 1061 529 sententia,
1106 455 1300 515 facile
1354 455 1706 533 supplenda
1719 476 1741 523 ;

169 596 243 639 ut
299 551 422 639 hic'
454 570 739 656 intelligi
790 585 1037 652 potest:
1127 571 1286 650 quod
1329 569 1746 649 mihiquoque

170 716 327 753 nunc
376 714 494 755 ,usu
547 693 750 757 venic;
809 690 888 748 ad
928 687 1102 767 quod
1155 683 1525 743 referuntur
1579 672 1737 745 ista:

170 814 371 890 Nam
415 818 557 887 ego
605 806 950 863 amicum
1008 817 1121 860 etc,
1170 823 1304 860 non
1353 814 1607 873 autem,
1668 814 1743 857 ut

176 937 396 985 auctor
429 921 504 979 ad
528 918 949 987 Herennium,
982 932 1044 974 et
1072 917 1309 988 CicerO,
1346 937 1491 973 eum
1521 936 1745 993 sequu-

173 1052 298 1107 tus,
338 1033 585 1112 opinati
620 1046 793 1102 sunt,
842 1031 919 1087 ad
950 1031 1369 1088 sententiam:
1421 1033 1657 1089 Verum
1688 1033 1748 1086 in

174 1163 372 1208 aetate
401 1148 542 1204 utile
569 1160 626 1203 et
652 1143 1028 1203 conducibile.

302 1380 542 1434 Auctor
588 1375 665 1432 ad
693 1373 1096 1431 Herennium
1136 1371 1247 1430 lib.
1284 1376 1364 1430 II.
1405 1394 1458 1430 2.
1490 1395 1621 1454 sqq.
1672 1375 1749 1436 de

176 1511 364 1549 causa
393 1488 814 1548 coniecturali
847 1486 1134 1555 disserit3
1177 1507 1313 1545 eam
1344 1508 1495 1547 vero
1530 1489 1768 1573 Cicero·

177 1609 318 1663 Inv.
362 1606 443 1660 Π.
475 1621 507 1672 5
529 1636 551 1645 -
579 1606 671 1660 16.
717 1602 928 1660 multo
962 1601 1520 1683 aliterbpertractat.
1591 1610 1747 1663 Cau-

178 1737 312 1776 sam
346 1717 703 1797 legitimam
731 1716 804 1773 ab
829 1716 1241 1804 Herenniano
1272 1721 1352 1774 ΙΙ.
1374 1691 1446 1793 χ’9.
1482 1720 1751 1796 explica-

176 1846 311 1891 tam
355 1832 572 1890 Cicero
605 1830 734 1890 alio
761 1832 906 1890 loco
951 1837 1029 1890 ΙΙ.
1062 1845 1165 1905 40.
1196 1845 1296 1905 42.
1322 1846 1424 1906 47.
1465 1834 1752 1894 conside-

176 1960 304 2019 rat,
377 1946 783 2023 multumque
842 1945 916 2003 ab
981 1946 1294 2004 Herennii
1347 1964 1750 2027 praeceptore

179 2059 466 2123 discedit.
558 2061 684 2118 Ubi
725 2074 936 2118 autem
968 2061 1071 2119 hic
1106 2061 1237 2141 agit
1270 2061 1346 2119 de
1376 2082 1563 2121 causa
1590 2062 1748 2121 iuri-

179 2174 397 2232 diciali
423 2180 504 2232 11.
544 2194 638 2246 15.
667 2175 949 2253 primum
976 2175 1189 2248 docet,
1238 2175 1469 2253 quibus
1503 2198 1579 2235 ex
1603 2199 1746 2256 par-

179 2287 350 2346 tibus
386 2288 487 2347 ius
533 2303 799 2348 constet.
900 2294 1092 2348 Hunc
1131 2290 1347 2348 locum
1389 2291 1607 2350 Cicero
1649 2292 1748 2352 bis

180 2402 492 2460 tractavit.
581 2403 868 2463 Primum
890 2404 963 2462 in
994 2424 1176 2462 causa
1202 2404 1516 2484 negotiali
1545 2410 1625 2463 II.
1646 2426 1758 2465 ρει

183 2513 413 2574 deinde
462 2516 534 2574 in
589 2539 815 2598 genere
867 2519 1279 2578 deliberativo
1334 2522 1414 2576 II.
1465 2537 1565 2592 53.
1612 2541 1744 2601 sqq.

183 2633 467 2707 Utroque
499 2645 708 2692 tamen
738 2634 883 2693 loco
912 2633 1046 2696 eius
1084 2634 1433 2712 disputatio
1462 2634 1657 2695 latior
1686 2649 1749 2694 et

182 2742 435 2818 plenior
462 2760 574 2804 est.
666 2804 668 2808 .
