1878 3198
171 185 413 279 '240‘'
736 177 1315 253 CICE‘RONIs

240 372 474 425 batione.
579 370 658 420 Ex
692 365 838 434 hisce
871 356 1141 419 omnibus
1159 367 1307 420 illud
1327 369 1665 438 perspicuum
1698 378 1797 449 qt,

243 456 680 526 approbationem
706 466 821 503 tum
848 455 1091 524 adiungi,
1131 465 1246 502 tum
1272 470 1379 504 ιιοιι
1411 455 1696 546 ειᾶἰιιιαμ,
1702 450 1800 508 Ei

240 561 350 614 quo
390 541 762 610 cognoscitur,
808 556 976 608 neque
1008 540 1063 587 in
1102 541 1491 606 propositione,
1540 523 1711 610 &e
1743 540 1803 589 in
1836 558 1838 561 ’

241 629 571 679 assumtione
596 627 856 676 contineri
882 615 1348 691 approbationem,
1396 625 1489 675 sed
1521 636 1801 695 utramque

240 731 339 777 suo
373 713 494 762 loco
531 713 795 779 positam,
834 712 943 761 vim
982 727 1160 768 suam,
1212 721 1467 779 tanquam
1509 721 1708 761 certam
1738 719 1804 759 ,et

237 800 527 868 propriam,
568 794 822 846 obtinere.
899 795 1057 860 Quod
1078 796 1125 844 si
1151 797 1227 846 ita
1255 806 1351 853 est,
1389 789 1802 862 commodepara-

239 886 327 934 titi
373 894 499 934 sunt
537 881 644 940 illi,
697 882 791 949 qui
827 881 885 929 in
927 882 1163 950 quinque
1201 892 1375 949 partes
1419 866 1809 938 distribuetunt

237 969 761 1042 argumentationem.
1652 1012 1653 1016 ,
1691 961 1693 963 ’

345 1067 431 1114 57.
473 1055 723 1122 Quinque
761 1062 884 1101 sunt
918 1052 1086 1122 igitur
1119 1063 1296 1120 partes
1324 1053 1436 1102 eius
1472 1061 1801 1123 argumenta-

238 1142 405 1191 tionis
421 1175 435 1197 ,
475 1153 731 1208 quaeper
753 1139 1213 1187 ratiocinationem
1238 1149 1493 1189 tractatur
1505 1152 1527 1188 2‘
1556 1139 1597 1187 P
1612 1153 1684 1187 ro
1697 1151 1801 1204 po·-

238 1242 264 1275 s
280 1226 367 1274 iti
383 1241 445 1280 o,
484 1240 578 1290 per
596 1241 756 1291 quam
781 1222 969 1271 locus'
957 1239 1001 1270 is
1024 1219 1271 1273 breviter
1276 1225 1572 1291 exponitur,
1604 1238 1666 1272 ex
1693 1236 1801 1290 quo

237 1313 318 1362 vis
356 1311 530 1359 omnis
566 1317 780 1374 oportet
809 1317 1017 1355 emanet
1049 1308 1502 1389 ratiocinationis3
1555 1309 1637 1356 Pr.
1633 1323 1802 1374 opo-

237 1396 532 1460 sitionis
571 1389 1024 1458 approbatio,
1074 1387 1167 1459 per
1194 1392 1352 1462 quam
1383 1374 1470 1450 ici,
1509 1391 1656 1462 quod
1685 1390 1800 1445 bre-

233 1483 374 1531 vitet
412 1479 709 1546 expositum
747 1487 856 1533 est,
896 1475 1194 1526 rationibus
1221 1454 1577 1535 affirmatum,
1610 1474 1800 1547 proba-

235 1564 399 1615 bilius
439 1575 492 1612 et
531 1562 761 1629 apertius
804 1558 898 1621 fit3
945 1563 1210 1623 .Assum
1224 1564 1359 1620 bio,
1397 1580 1490 1631 per
1527 1577 1688 1632 quam
1717 1561 1809 1620 id,-

235 1650 386 1720 qnod
424 1666 484 1698 ex
516 1648 882 1715 propositione
920 1648 1308 1701 ostendendum
1344 1650 1598 1717 pertinet,
1657 1663 1800 1699 assu-

235 1739 431 1795 mitur;
495 1733 857 1784 Assu1nti·o
875 1732 988 1781 nis·
1012 1732 1468 1800 approbatio,
1519 1749 1611 1800 per
1638 1748 1800 1801 quam

172 1865 177 1869 ,
207 1821 310 1878 rid,
351 1819 499 1889 quod
528 1828 820 1866 assumtum
848 1829 956 1873 est,
985 1817 1283 1884 rationibus
1312 1815 1586 1876 firmatum
1623 1817 1798 1867 Com·

234 1904 470 1972 plexio
487 1938 502 1958 ‚
540 1919 634 1968 per
662 1918 821 1969 quam
846 1901 902 1949 id
919 1935 933 1957 ,
974 1901 1121 1968 quod
1146 1900 1430 1952 conficitur
1457 1903 1688 1951 exomni
1721 1919 1798 1950 ar·

236 1988 660 2059 gumentatione,
711 1983 941 2034 breviter
979 1988 1271 2052 exponitur.
1361 1986 1508 2052 Quae
1542 1985 1798 2053 plurimas

235 2072 399 2123 habet
434 2071 820 2142 argumentatio
858 2081 1060 2137 partes),
1101 2089 1160 2120 ea
1195 2082 1400 2121 constat
1437 2088 1498 2120 ex
1535 2069 1616 2121 his
1647 2071 1796 2140 quin-

237 2175 341 2227 que
379 2155 634 2224 partibus.
722 2154 959 2204 Secunda
1007 2167 1086 2205 est
1129 2157 1534 2225 quadripartita.
1620 2155 1798 2206 Tertia

235 2234 517 2310 tripartita.
587 2243 722 2291 Dein
747 2238 1027 2307 bipartita3
1068 2241 1215 2308 quod
1237 2242 1292 2288 in
1318 2242 1677 2292 controversia
1701 2251 1796 2294 est.

237 2331 371 2378 Dein
403 2345 462 2376 ex
497 2345 602 2376 una
639 2342 854 2396 quoque
877 2336 1025 2392 parte
1060 2337 1234 2391 potest
1273 2325 1432 2374 alicui
1469 2326 1634 2376 videri
1677 2342 1797 2376 con-

238 2415 441 2462 sistere.
515 2414 715 2461 Eorum
753 2413 943 2481 igitur,
983 2428 1116 2478 quae
1140 2422 1413 2468 constant,
1454 2409 1684 2477 exempla
1707 2426 1797 2477 po-

239 2513 451 2546 nemus:
500 2495 721 2553 horum,
797 2513 932 2564 quae
983 2494 1143 2545 dubia
1194 2506 1346 2554 sunt,
1400 2498 1628 2546 rationes
1677 2491 1797 2544 affe·

237 2599 431 2631 remuS.

345 2677 430 2724 38.
475 2667 917 2735 Quinquepartita
941 2668 1326 2737 argumentatio
1354 2677 1430 2715 est
1460 2663 1793 2715 huiusmodi·

242 2751 492 2808 „Omnes
530 2750 696 2821 leges,
737 2753 968 2810 iudices,
1008 2752 1076 2801 ad
1104 2750 1438 2801 commodum
1474 2747 1796 2817 reipublicae

1639 2832 1795 2884 refer-
