1924 3224
243 254 344 311 ‚Q
590 239 1470 291 RHETORICORUM

238 402 439 456 borum
474 397 790 454 memoriam
828 404 1161 463 inducimus,
1213 415 1275 455 ut
1301 420 1484 457 versus
1511 389 1820 469 meffliss'e

238 492 538 563 possimuS,
589 489 682 540 sed
706 501 769 549 nt
796 488 897 540 hac
920 491 1327 550 exercitatione,
1379 490 1471 541 illa
1497 493 1685 545 rerum
1713 508 1819 543 me-

240 578 445 634 moria,
509 576 659 645 quod
694 577 924 644 pertinet
961 576 1031 626 ad
1067 575 1379 637 utilitatem,
1416 574 1844 658 confirmetur-3.

238 674 304 714 ut
328 661 394 712 ab
432 661 535 712 hac
575 658 783 712 difficili
810 661 1196 713 consuetudine
1231 663 1344 712 sine
1367 661 1551 714 labore
1577 664 1646 728 ad
1671 663 1819 715 illam

239 746 555 800 facilitatem
594 749 820 799 transire
856 749 1144 817 possimus.
1234 748 1337 799 Sed
1378 766 1555 819 quum>
1582 751 1644 800 in
1672 751 1822 803 omni

240 833 527 902 disciplina
563 831 811 885 infirma
828 846 911 883 est
948 835 1079 884 artis
1115 837 1420 903 praeceptio
1457 837 1590 898 εηιμ
1612 853 1821 887 summa

239 919 556 970 assiduitate
592 921 985 970 exercitationis
1002 956 1019 980 ,
1069 931 1190 973 tum
1226 937 1353 972 vero
1391 922 1449 971 in
1479 926 1823 1017 pvqpogznoi‘r

239 1006 524 1056 minimum
546 1004 689 1056 valet
715 1005 960 1058 doctrina
976 1040 993 1065 ,
1032 1007 1139 1056 nisi
1163 1006 1457 1066 industria,
1497 990 1709 1065 stadio,
1746 1005 1820 1056 la·

237 1088 371 1143 hore
387 1127 403 1151 ,
481 1090 759 1163 diligentia
807 1090 1200 1160 comprobetur.
1319 1093 1496 1159 Quam
1558 1090 1819 1160 plurimos

235 1177 387 1230 locos
416 1189 478 1227 ut
502 1176 729 1236 habeas,
782 1189 837 1227 et
871 1195 1033 1248 quam
1065 1179 1293 1227 maxime
1322 1178 1390 1227 ad
1414 1188 1696 1246 praecepta
1736 1193 1818 1226 ac·

238 1263 643 1321 commodatos,
685 1280 867 1312 curare
897 1262 1134 1313 debebis.
1207 1265 1269 1313 In
1298 1262 1623 1334 imaginibus
1655 1262 1816 1331 collo-

234 1349 422 1399 caudis
451 1350 680 1398 exerceri
711 1349 956 1419 quotidie
986 1350 1281 1400 conveniet.
1356 1349 1479 1400 Non
1507 1351 1648 1398 enim
1677 1350 1819 1399 sicut

232 1452 269 1485 a
307 1435 494 1484 ceteris
548 1435 743 1485 studiis
791 1433 1105 1486 abducimur
1153 1452 1542 1504 nonnunquam
1594 1447 1819 1502 occupa·

235 1520 417 1579 tione,
467 1521 544 1569 ita
584 1519 651 1570 ab
689 1519 790 1571 hac
816 1539 874 1571 re
900 1538 997 1571 nos
1034 1532 1213 1590 potest
1253 1538 1411 1571 causa
1438 1520 1700 1571 deducere
1726 1517 1818 1567 ali·

236 1624 363 1677 qua.
447 1598 736 1677 Nunquam
775 1618 856 1657 est
890 1594 1060 1665 enim.>
1113 1608 1246 1676 quin
1286 1605 1817 1676 aliquidmemoriae

235 1692 448 1742 tradere
474 1692 728 1752 velimus,
782 1704 836 1743 et
857 1704 974 1743 tum
999 1693 1257 1752 maxime,
1298 1709 1464 1761 quum
1497 1690 1679 1761 aliquo
1708 1705 1815 1740 ma-

235 1778 352 1829 iore
391 1780 608 1850 negotio
647 1779 962 1829 detinemur.
1040 1779 1216 1844 Quare
1243 1795 1408 1847 quum
1433 1779 1506 1827 sit
1529 1776 1695 1834 utile,
1718 1772 1813 1824 ‘fa-

239 1862 339 1914 cile
371 1865 706 1929 meminisse,
759 1880 868 1914 non
897 1874 948 1912 te
975 1859 1142 1934 fallit,
1197 1862 1345 1932 quod
1369 1873 1646 1930 tantopere
1681 1858 1815 1911 utile

236 1951 339 2008 sit,
380 1960 583 2020 quanto
607 1948 790 2000 labore
813 1950 884 1998 sit
909 1949 1281 2016 appetendum.
1354 1945 1605 1998 Pluribus
1635 1943 1816 1997 verbis

239 2035 309 2086 ad
344 2050 460 2084 eain
495 2051 607 2084 rem
641 2046 695 2085 te
733 2033 1006 2085 adhortari
1045 2052 1153 2085 non
1181 2045 1260 2084 est
1285 2033 1578 2090 sententia,
1627 2047 1695 2080 ne
1721 2042 1817 2081 aut

237 2130 338 2172 tuo
376 2121 556 2172 studio
598 2117 794 2180 diffisi,
851 2131 945 2171 aut
984 2121 1192 2180 minus,
1257 2135 1396 2191 quae
1432 2134 1516 2168 res
1554 2115 1812 2185 postulat,

238 2206 439 2258 dixisse
478 2206 771 2258 videamur.
855 2208 935 2256 De
960 2207 1149 2276 quinta
1175 2217 1325 2274 parte
1349 2202 1647 2255 rhetoricae
1670 2201 1814 2252 dein-

239 2308 362 2360 ceps
401 2293 669 2343 dicemus:
720 2303 782 2343 tu
814 2293 1010 2360 primas
1049 2309 1289 2363 quasque
1324 2301 1501 2359 partes
1540 2289 1598 2337 in
1637 2288 1816 2338 animo

240 2373 551 2447 frequenta,
615 2389 669 2429 et
709 2378 858 2450 quod
899 2380 1124 2430 maxime
1159 2394 1372 2429 necesse
1392 2386 1518 2437 est,
1569 2372 1819 2427 exercita·

241 2464 395 2516 tione
425 2461 705 2517 confirma.
