1878 3198
164 227 593 277 RHETORIC.
640 226 744 299 nn
787 180 1117 276 Iani'N'T.
1175 228 1237 272 11.
1269 236 1480 299 22-24.
1553 219 1655 299 23'9

183 390 292 449 Pag.
317 367 418 442 505,
447 403 496 432 v.
523 397 595 441 27.
649 385 786 431 dici
826 377 1164 448 oportebit
1202 411 1262 424 --
1333 418 1362 437 ,‚
1380 388 1493 430 Mss.
1525 386 1654 432 oud.

101 464 279 518 habent
321 473 351 518 d
366 489 398 517 u
413 472 494 522 ci,
535 485 582 515 et
621 471 690 515 sic
720 471 823 516 edd.
868 488 940 533 pr.
958 503 971 522 ,
999 458 1146 532 idque
1178 472 1387 516 defendit
1417 471 1659 536 Oudend„
1711 507 1714 513 ,

103 574 330 619 tanquam
356 557 467 602 loci·
486 558 598 601 duci
629 557 833 602 debeant
878 557 935 602 ab
977 574 1002 600 a
1016 574 1049 601 u
1061 573 1085 601 c
1100 571 1118 601 t
1133 574 1160 602 o
1175 558 1232 601 ri
1247 571 1264 601 t
1279 575 1303 601 a
1318 571 1338 603 t
1349 574 1373 601 e
1415 559 1658 603 ICtorum.

106 646 196 689 Sed
237 658 290 689 ut
331 643 426 688 hoc
467 642 682 703 intelligi
732 630 908 703 possitss
969 649 1125 688 tamen
1176 643 1378 688 alterum
1435 660 1459 687 c
1474 661 1502 689 o
1517 661 1550 687 n
1565 657 1583 688 t
1595 660 1620 686 1·
1635 661 1660 687 a

104 748 129 783 a
141 748 174 774 u
187 746 211 774 c
227 743 247 775 t
263 746 290 774 o
304 744 330 772 r
344 730 394 772 it
410 746 432 772 a
448 742 467 773 t
479 745 503 772 e
517 745 566 772 m
608 745 707 773 non
752 729 993 774 convenit.
1066 732 1223 789 Saepe,
1252 743 1323 774 est
1359 729 1412 773 in
1457 729 1533 773 his
1577 729 1607 772 d
1620 729 1660 771 i-

104 832 242 883 cere
285 815 352 859 ab
398 825 473 859 et·
495 831 519 859 c
535 831 610 861 on
625 796 714 858 tia
758 814 791 859 i.
824 831 863 859 e.
909 814 1155 859 defendere
1197 827 1243 859 et
1270 813 1500 859 refellere.
1571 817 1660 858 Ita-

106 919 200 963 que
229 901 482 961 vulgatum
503 901 842 946 ·servandum.“
911 902 1150 945 Hactenus
1181 899 1399 951 E1·nesti;
1446 900 1542 960 qui‘
1561 900 1663 944 sine

105 988 254 1033 dubio
283 1003 455 1032 verum
485 987 624 1033 vidit.
711 985 975 1031 Lambinus
1019 986 1174 1031 dedit:
1228 1002 1259 1045 p
1275 1002 1300 1029 1·
1312 983 1341 1031 o
1387 1003 1411 1030 a
1425 1003 1459 1030 u
1473 1003 1496 1030 c
1511 1000 1530 1030 t
1544 1002 1571 1030 ο
1586 1003 1611 1030 1·
1624 987 1663 1034 i-

106 1087 236 1118 tate
289 1073 948 1118 iurisconsultorum.
1037 1073 1128 1117 Sed
1167 1070 1296 1117 illud
1334 1088 1449 1133 pto
1492 1089 1551 1117 ex
1590 1073 1661 1117 in·

106 1157 443 1220 terpretatione
473 1162 567 1205 τοῦ
611 1158 677 1204 ab
722 1173 887 1204 natum
932 1158 1138 1207 videtur.

673 1304 809 1365 Cap.
867 1305 1100 1348 XXIII.

189 1419 296 1477 Pag.
318 1426 418 1476 307.
447 1431 498 1462 v.
522 1417 589 1461 16.
631 1416 1132 1476 Amphictyonas
1161 1441 1219 1451 —
1258 1417 1419 1478 Vulgo
1451 1417 1662 1462 additur:

104 1503 166 1546 id
205 1515 296 1546 est
347 1502 507 1562 apud
558 1517 885 1546 commune
938 1502 1243 1546 Graeciae
1295 1503 1662 1548 concilium.

106 1588 212 1632 Hoc
253 1600 410 1631 autern
462 1586 736 1646 glossatoris
781 1585 1015 1630 emblema
1071 1588 1168 1643 esse
1218 1587 1345 1632 vidit
1384 1587 1663 1638 Lambinus,

107 1674 187 1716 cui
219 1673 590 1732 Oudendorpius
621 1675 643 1727 (
656 1671 742 1731 qui
770 1671 969 1716 Alcuini
1000 1671 1162 1717 locum
1193 1690 1240 1733 p.
1272 1675 1370 1730 563.
1415 1675 1472 1717 ad
1513 1687 1667 1734 partes

107 1761 279 1814 vocat)
321 1758 598 1809 assentitur,
651 1775 737 1802 nec
770 1759 963 1803 Ernesti
992 1774 1041 1802 se
1069 1757 1207 1804 valde
1236 1775 1498 1820 repugnare
1530 1761 1609 1805 ait.

617 1884 619 1886 .
673 1902 817 1962 cap.
888 1904 1102 1951 XXIV.

191 2018 300 2076 Pag.
329 2024 430 2071 508.
471 2031 521 2061 v.
554 2024 616 2071 18.
680 2032 751 2059 ex
795 2029 864 2060 eo
906 2040 960 2049 --
1019 2015 1165 2074 Vulg.
1208 2028 1264 2059 et
1301 2032 1370 2058 ex
1413 2033 1508 2061 eo.
1580 2019 1669 2061 Sed

110 2100 282 2162 copula
311 2100 390 2144 hic
421 2114 617 2160 prorsus
645 2101 810 2160 inepta
840 2113 922 2146 est.
1478 2084 1482 2091 Ι

193 2187 429 2247 Pag.'508.
459 2204 506 2232 v.
534 2195 604 2240 25.
663 2187 728 2229 ed
747 2200 963 2230 uceret
996 2212 1052 2219 —-
1110 2184 1454 2231 abduceret
1497 2187 1666 2232 Lamb.

193 2274 302 2332 Pag.
328 2279 426 2327 508.
456 2288 502 2316 v.
530 2282 605 2325 25.
631 2271 700 2315 26.
758 2271 1049 2316 Incurrit
1089 2271 1208 2315 huc
1254 2271 1571 2317 deffinitio
1612 2298 1669 2306 -

108 2358 164 2401 Id
197 2371 291 2408 est,
334 2370 492 2417 potest
526 2357 607 2400 hic
644 2357 785 2400 etiam
829 2358 1174 2402 constitutione
1215 2356 1467 2402 definitiva
1507 2372 1668 2402 orator

109 2442 196 2487 uti.
255 2443 368 2486 Post
390 2442 504 2485 haec
524 2441 667 2487 verba
690 2442 809 2487 olim
834 2442 888 2485 in
921 2442 1209 2502 quibusdam
1240 2442 1362 2492 edd„
1393 2456 1446 2486 ut
1465 2443 1666 2492 Victor„

112 2527 402 2571 addebantur
444 2528 581 2572 ista:.
616 2528 763 2586 quid
815 2528 901 2572 sit
940 2529 1194 2572 laedere
1250 2526 1662 2577 maiestatem,

110 2607 164 2654 in
206 2612 379 2672 quibus
418 2626 541 2656 recte
579 2613 843 2658 Lambinus
887 2613 1162 2674 glossatoris
1214 2630 1408 2658 manum
1452 2613 1665 2674 agnovit,

110 2697 385 2759 praesertim
428 2715 576 2758 quum
621 2696 768 2743 latine
809 2716 907 2746 non
953 2700 1138 2744 dicatur
1190 2698 1245 2743 la
1260 2716 1282 2742 e
1296 2700 1324 2743 d
1341 2717 1361 2743 e
1374 2716 1398 2742 1·
1413 2716 1436 2743 e
1478 2690 1532 2743 vm
1550 2718 1571 2742 a
1588 2699 1604 2742 i
1623 2717 1664 2742 e-

112 2796 356 2833 statem,
403 2782 482 2828 sed
524 2783 823 2830 minuere.
