1878 3198
430 183 536 257 An
595 159 1097 233 HERENNIUM
1156 191 1327 235 I.12.,
1592 207 1656 255 03

1590 232 1620 244 a

210 310 235 331 Γ

70 350 284 421 degitur.
387 350 481 396 Sed
565 349 686 394 cod.·
751 350 876 412 Aug.
957 348 1123 396 habet:
1193 351 1655 412 magnitudine

89 435 518 497 tempestatis
593 436 852 496 quidam
945 437 1311 498 perterriti.
1425 439 1656 483 Ceterum

90 520 218 588 conf.
275 522 404 570 Cie.v
437 523 494 568 de
549 526 656 568 Inv.
711 526 773 568 Η.
813 535 883 579 51.
926 523 1016 586 ubi
1057 525 1220 569 eadem
1263 523 1344 569 lex
1383 525 1655 571 narratione

87 609 252 670 paullo
292 608 430 655 aliter
468 609 741 660 informata
766 609 1053 655 illustratur.

174 699 545 758 Pag.2o.·v.2.
620 697 1143 764 conscenderunt
1194 719 1254 733 —-·
1320 698 1657 744 descende-

86 797 237 828 runt
263 782 488 828 Lambin.
550 783 640 827 Sed
667 783 889 828 Oudend.
926 784 1064 828 affert
1095 785 1227 830 Caes.
1259 785 1317 829 de
1344 787 1401 830 Β.
1434 786 1492 831 G.
1522 786 1580 835 V.
1610 796 1655 840 7.

87 869 175 914 ubi
217 882 287 915 est
329 870 765 916 conscendere
807 871 876 914 in
913 853 1118 916 naves.

170 944 280 1017 Pag.
307 969 378 1002 20.
422 973 471 1002 v.
503 965 668 1011 17.18.
741 973 925 1016 quum
965 973 1030 1000 re
1073 957 1140 1000 in
1183 973 1362 1002 unam
1408 971 1697 1012 sentem,

84 1042 239 1087 tiam
271 1041 532 1102 scripta,
565 1043 882 1102 scriptum
913 1043 1064 1087 duas
1104 1057 1210 1087 aut
1238 1042 1462 1103 plures
1491 1067 1549 1080 ·--·
1579 1044 1660 1088 Sic

83 1115 173 1174 nos
205 1127 494 1190 arbitramur
519 1127 635 1172 huic
659 1127 770 1174 loco
794 1128 1122 1189 integritatem
1151 1129 1431 1175 reddidisse.
1462 1128 1656 1190 Vulgo:

84 1231 270 1276 quum
309 1231 406 1259 res
447 1215 513 1258 in
555 1230 733 1258 unam
772 1215 1171 1259 sententiam
1215 1207 1463 1276 scripta
1505 1216 1659 1261 duat

83 1314 187 1345 aut
253 1300 467 1362 plures
528 1299 885 1344 sententias
941 1300 1305 1360 significat.
1399 1303 1656 1360 Quomodo

83 1374 266 1433 autem‘
299 1387 399 1431 dici
452 1386 630 1446 possit,
683 1402 780 1431 res
823 1387 1178 1431 sententias
1223 1386 1656 1448 significare?

82 1471 428 1518 Emendationi
481 1484 671 1516 nostrae
724 1472 855 1517 favet
911 1461 1117 1517 uarietas
1160 1473 1436 1534 scripturae.
1507 1473 1654 1535 Vulg.

84 1558 243 1602 editur
285 1574 325 1603 c.
365 1539 473 1602 Ald.
518 1571 564 1601 et
605 1557 708 1602 cod.
747 1559 872 1617 Aug.
903 1574 1103 1617 quum
1145 1559 1469 1618 scriptum
1507 1559 1655 1619 duas

82 1642 475 1704 aut-plures
543 1642 907 1711 sententias
970 1643 1334 1703 significat.
1436 1647 1495 1688 In
1558 1646 1663 1706 cod

80 1731 183 1774 Erf.
237 1729 444 1790 legitur:
513 1744 711 1788 quum
748 1744 862 1773 ,res
914 1729 980 1772 in
1030 1745 1210 1772 unam
1262 1730 1658 1775 sententiam

82 1815 327 1876 scripta
379 1813 528 1858 duas
585 1827 691 1857 aut
733 1812 949 1873 plures
989 1830 1091 1858 res,
1136 1815 1500 1875 significat.
1562 1818 1656 1862 Co-

83 1888 175 1945 dex}
241 1902 413 1945 Graev.
484 1916 669 1960 quum
735 1915 837 1943 res
903 1899 970 1943 in
1031 1917 1207 1944 unam
1259 1902 1658 1947 sententiam

81 1977 328 2048 scripta
395 1986 546 2030 duas
590 1997 708 2040 ⁵aut:
762 1983 986 2045 plures
1040 1986 1404 2031 sententias
1459 1988 1657 2047 signi-

82 2072 252 2118 ficat.
299 2100 304 2108 ι
604 2107 605 2110 ,
661 2059 665 2062 ⁴
1400 2076 1405 2110 Ι

166 2161 276 2218 Pag.
310 2159 388 2203 20..
432 2175 482 2203 v.
517 2171 587 2202 21.
658 2159 855 2204 Heres
911 2160 1099 2204 meus
1151 2159 1346 2204 uxori
1394 2176 1559 2205 meae
1599 2183 1658 2198 ·--·

82 2242 227 2304 Vulg.
284 2243 553 2289 Tullius
609 2244 796 2288 heres
852 2260 1022 2288 meus
1068 2245 1420 2288 Terentiae
1458 2245 1660 2290 *ux‘ori

81 2341 270 2374 meae.
331 2329 422 2373 Sed
462 2346 614 2389 quum
658 2330 831 2376 Cicero
878 2330 935 2373 de
965 2333 1071 2375 Inv.
1101 2333 1163 2373 II.
1196 2336 1269 2383 40.
1317 2330 1513 2377 eandem
1551 2347 1658 2383 rem

83 2390 310 2464 tractans,
367 2414 642 2475 exemplum
695 2415 791 2461 hoc
834 2414 1126 2474 simpliciter
1184 2417 1253 2459 sic
1299 2416 1490 2460 efferat:
1546 2417 1656 2460 He-

82 2516 182 2545 res
227 2516 400 2544 meus
448 2500 644 2544 uxori
684 2517 882 2550 meae,
923 2501 1062 2547 facile
1105 2514 1260 2562 patet,
1307 2518 1487 2546 nomen
1519 2501 1673 2545 Tul-,

83 2584 167 2628 lii
220 2598 266 2631 et
319 2585 668 2630 Terentiae
719 2586 804 2630 hic
859 2586 1076 2630 additum
1131 2602 1230 2630 esse
1290 2586 1348 2631 ab
1391 2585 1655 2645 interpola-

85 2674 215 2721 tore,
273 2671 361 2731 qui
412 2671 566 2716 libros
620 2672 678 2716 ad
733 2671 1035 2715 Herennium
1088 2688 1114 2714 a
1170 2670 1404 2717 Cicerone
1449 2671 1650 2732 scriptos

87 2772 185 2801 esse
241 2769 444 2816 putaret.
519 2756 654 2801 Idem
703 2757 918 2801 defendit
960 2759 1266 2802 Burmannus
1310 2756 1365 2801 in
1407 2756 1558 2818 praefi·
1598 2755 1655 2798 ad
