1878 3198
253 251 945 341 RHETORICORUM,
986 285 1142 329 LIB.
1185 287 1268 328 II.
1313 302 1350 328 1.
1382 300 1422 330 2.
1551 299 1654 348 275

87 444 284 496 fectum
321 458 510 495 natura
553 445 821 512 expolivit.
897 445 1114 514 Itaque,
1169 457 1426 516 tanquam
1465 450 1651 497 ceteris

4 526 26 587 s
87 549 196 583 non
219 533 301 582 'sit
338 530 589 581 habitura
619 532 765 600 quod
792 531 1078 601 largiatur,
1121 534 1166 581 si
1192 535 1286 580 uni
1315 544 1501 581 cuncta
1527 551 1648 582 con-

86 618 328 675 cesserit,
377 617 525 667 aliud
577 617 670 666 alii
707 618 1005 675 commodi,
1059 618 1240 686 aliquo
1282 615 1532 669 adiuncto
1571 620 1648 667 in-

88 703 400 760 commodo,
439 715 760 752 muneratur.
1578 762 1585 770 „
1629 714 1635 716 '

195 802 243 837 9..
278 788 450 854 ⁴Quod
489 789 741 856 quoniam
769 787 924 838 nobis
954 806 1170 858 quoque
1195 788 1488 838 voluntatis
1517 791 1649 839 acci·
1673 836 1675 838 ,

0 895 27 982 [υ
87 872 195 932 dit,
248 885 309 923 ut
346 885 512 922 artem
558 874 770 922 dicendi
805 870 1280 940 pei-scriberemus,
1333 892 1443 924 non
1483 893 1655 935 unum·

3 961 37 1017 r?
88 958 310 1028 aliquod
349 960 726 1027 proposuimus
766 959 1090 1025 exemplum,
1132 961 1280 1010 cuius
1320 977 1500 1010 omnes
1536 978 1651 1027 par·

85 1055 165 1092 tes
184 1081 198 1103 ‚
225 1062 546 1114 quocunque
574 1056 748 1092 essent
773 1046 828 1092 in
859 1062 1076 1114 genere,
1104 1043 1470 1111 exprimendae
1497 1045 1652 1095 nohis

13 1154 17 1161 ¹
87 1131 386 1179 necessario
425 1130 760 1188 viderentur3
816 1130 940 1187 sed,
986 1127 1234 1178 omnibus
1272 1149 1437 1179 unum
1479 1133 1536 1179 in
1575 1129 1651 1181 lo-

20 1252 22 1254 .
87 1231 205 1263 cum
257 1217 453 1264 coactis
505 1214 885 1280 scriptoribus,
941 1214 1087 1283 quod
1138 1216 1368 1283 quisque
1421 1233 1652 1265 commo·

84 1299 302 1350 dissime
350 1301 650 1367 praecipere
701 1298 1011 1358 videbatur,
1067 1304 1447 1366 excerpsimus,
1500 1311 1552 1349 et
1593 1317 1654 1349 ex

0 1370 49 1453 Ιξ
85 1387 247 1436 variis
299 1387 526 1456 ingeniis
581 1386 1017 1435 excellentissima
1070 1403 1314 1454 quaeque
1351 1386 1650 1437 libavimus.

34 1471 164 1528 &Ex
187 1468 286 1519 ‘his
327 1473 498 1526 enim,
549 1473 644 1540 qui
687 1474 904 1520 nomine
938 1484 992 1520 et
1030 1471 1285 1520 memoria
1321 1472 1471 1540 digni
1510 1483 1652 1528 sunt,

86 1557 183 1603 nec
231 1554 368 1604 nihil
407 1558 649 1622 optime,
704 1572 800 1604 nec
840 1558 1019 1605 omnia
1057 1555 1471 1622 praeclarissime
1509 1557 1651 1625 quis-

29 1706 32 1710 *
87 1657 249 1708 quam
286 1640 458 1688 dicere
497 1638 652 1688 nobis
689 1640 983 1690 videbatur.
1063 1643 1409 1708 Quapropter
1424 1641 1654 1690 stultitia

85 1726 202 1774 visa
240 1738 349 1783 est,
392 1735 485 1773 aut
523 1743 552 1772 a
591 1724 723 1773 bene
762 1728 991 1776 inventis
1032 1725 1258 1774 alicuius
1297 1726 1565 1784 recedere,
1607 1728 1655 1775 si

86 1826 196 1878 quo
237 1812 294 1858 in
333 1812 466 1860 vitio
505 1811 619 1859 eius
659 1808 1078 1869 offenderemur,
1119 1824 1213 1860 aut
1251 1811 1318 1859 ad
1354 1796 1483 1861 vitia
1523 1827 1653 1880 quo·

87 1911 189 1962 que
249 1889 379 1943 eius²
410 1896 684 1954 accedere,
752 1899 902 1946 cuius
954 1898 1134 1966 aliquo
1184 1895 1316 1946 bene
1367 1909 1651 1963 praecepto

89 1979 415 2029 duceremur.
494 1983 653 2054 Quod
694 1985 749 2031 ‘si
799 1985 857 2031 in
911 1973 1098 2031 ceteris
1139 1999 1353 2051 quoque
1394 1964 1583 2043 studiis
1622 2001 1654 2031 a

86 2063 268 2113 multis
315 2065 506 2136 eligere
554 2066 796 2116 homines
849 2067 1341 2123 commodissimum
1381 2069 1649 2137 quodque.

62 2164 250 2215 ‘quam
289 2167 403 2199 sese
440 2153 534 2199 uni
571 2151 726 2199 alicui
770 2164 913 2203 certo
940 2153 1133 2203 vellent
1161 2154 1433 2210 addicere,
1476 2155 1650 2201 minus

90 2234 147 2281 in
199 2239 502 2305 arrogantia
554 2234 907 2297 offenderent3
960 2256 1067 2287 non
1102 2227 1375 2304 tantopere
1413 2240 1468 2285 in
1506 2239 1652 2288 vitiis*

69 2333 513 2386 ,persever-areum
577 2322 850 2391 aliquanto
913 2324 1081 2373 levius
1133 2342 1194 2372 ex
1247 2325 1458 2371 inscitia
1505 2321 1649 2371 labo-

14 2464 16 2470 ,
85 2417 279 2454 rarent.
355 2408 432 2455 Ac
471 2408 517 2454 si
557 2424 652 2473 par
687 2408 744 2456 in
786 2408 941 2458 nobis
981 2408 1142 2458 huius
1183 2409 1341 2464 artiS‚
1395 2419 1554 2475 atque
1593 2409 1649 2455 in

87 2488 181 2538 illo
219 2494 484 2557 picturae,
541 2494 758 2542 scientia
807 2491 1027 2552 fuisset,
1079 2492 1303 2543 fortasse
1341 2495 1509 2562 magis
1546 2490 1649 2542 hoc

89 2590 185 2624 suo
224 2578 279 2623 in
319 2561 506 2647 genere
544 2593 676 2643 opus
716 2590 989 2637 nostrum,
1029 2570 1187 2647 quam
1223 2577 1310 2626 ille
1348 2579 1404 2626 in
1438 2595 1534 2626 sua
1571 2580 1648 2644 pi-

44 2652 47 2653 ⁷
90 2670 234 2708 ctura
260 2660 455 2710 nobilis
485 2664 720 2713 eniteret.
793 2667 872 2714 Ex
900 2666 1099 2711 maiore
1125 2664 1265 2711 enim
1293 2665 1446 2730 copia
1472 2662 1645 2718 nobis,

38 2762 45 2776 κ
89 2759 249 2810 quam
286 2745 396 2803 illi,
436 2744 542 2795 fuit
580 2748 937 2815 exemplorum
977 2748 1204 2818 eligendi
1228 2759 1480 2815 potestas.
1555 2747 1648 2796 Ille

36 2827 53 2846 '⁷
85 2844 191 2876 una
232 2846 293 2878 ex
330 2831 491 2890 urbe,
532 2844 582 2881 et
608 2850 668 2881 ex
696 2850 758 2882 eo
788 2850 1008 2882 numero
1034 2834 1333 2902 virginum,
1371 2850 1508 2901 quae
1533 2844 1648 2885 tum
