1878 3198
1055 80 1087 115 ‚at

308 228 980 304 nnssromcoRUM
1047 235 1206 293 LIB.
1260 248 1308 291 1.
1362 258 1445 291 ιε.
1497 279 1503 288 x
1580 261 1681 309 217

111 411 356 463 convenit
377 408 513 459 mihi
539 428 659 459 cum
683 409 1057 460 adversariiS.“
1130 406 1261 456 Item
1288 418 1504 457 contra:
1556 408 1680 466 „In-

110 495 394 550 terfectum
421 514 533 546 esse
557 514 587 545 a
614 495 1031 564 Clytaemnestra
1058 493 1527 563 Agamemnonem,
1555 493 1688 543 con-¹

107 586 310 636 venit.“
384 584 523 633 Nam
558 579 645 630 hic
680 592 904 650 uterque
946 591 999 629 et
1033 579 1091 630 id
1124 580 1339 647 posuit,
1380 578 1527 648 quod
1559 595 1680 628 con-

108 667 382 726 veniebat,
423 679 477 716 et
503 678 682 716 tamen
706 683 831 715 suae
864 682 1051 715 causae
1077 665 1359 715 commodo
1393 665 1679 715 consuluit.

104 754 340 812 Deinde,
392 752 527 822 quid
567 754 962 803 controversiae
1000 752 1123 810 sit,
1162 750 1469 818 ponendum
1509 762 1587 800 est
1626 752 1684 799 in

107 826 458 890 iudicationis*
495 838 855 904 expositione3
936 853 1072 906 quae
1112 836 1567 906 quemadmodum
1605 837 1681 885 in-

107 927 404 983 veniretur,
446 936 565 973 ante
601 924 802 973 dictum
847 916 943 972 est.

211 1011 360 1082 Quae
423 1021 599 1058 autem
659 1010 878 1076 partitio
945 1025 1168 1057 rerum
1222 1004 1684 1056 distributam

108 1082 344 1146 continet
383 1096 929 1161 expositionem,
966 1092 1112 1142 haec'
1135 1090 1331 1141 habere
1374 1088 1531 1140 debet
1565 1089 1682 1139 bre-

106 1184 327 1233 vitatem
344 1216 358 1238 ‚
427 1179 817 1229 absolutionem
833 1213 847 1235 ‚
912 1179 1252 1244 paucitatem.
1365 1177 1404 1226 B
1422 1194 1448 1224 r
1461 1193 1488 1224 e
1501 1195 1533 1226 v
1547 1176 1567 1224 i
1580 1186 1602 1224 t
1616 1193 1645 1224 a
1659 1192 1683 1225 s

107 1277 215 1325 est,
279 1284 475 1336 quum,
539 1266 656 1331 nisis
685 1265 1070 1322 necessarium»,
1135 1261 1340 1312 nullum
1389 1263 1682 1311 assumitur

103 1335 344 1403 verbum.
443 1354 582 1400 Haec
629 1353 686 1398 in
729 1348 833 1399 hoc
884 1357 1073 1419 'genere
1123 1348 1326 1398 idcirco
1379 1347 1527 1397 utilis
1579 1359 1678 1406 est,

106 1437 254 1506 quod
289 1436 447 1486 rebus
485 1437 648 1502 ipsis,
689 1447 744 1484 et
782 1434 1025 1501 partibus
1068 1421 1283 1506 causae,
1335 1449 1448 1489 ,non
1482 1430 1677 1491 verbis,

107 1540 282 1592 neque
317 1523 575 1572 extraneis
597 1522 947 1570 =ornamentis
978 1520 1184 1567 animus
1214 1516 1474 1566 auditoris
1502 1527 1682 1565 tenen-

110 1608 210 1658 dus
247 1619 342 1656 est.
418 1606 798 1667 Absolutio
839 1615 947 1662 est,
984 1620 1078 1670 per
1106 1620 1264 1671 quam
1299 1603 1506 1659 omnia,
1548 1618 1684 1670 quae

108 1693 353 1743 incidunt
389 1694 445 1741 in
485 1708 724 1748 causam,
778 1706 1000 1760 genera,
1054 1688 1118 1738 de
1158 1686 1353 1757 quibus
1399 1684 1683 1736 dicendum

111 1789 218 1836 est,
258 1776 627 1844 amplectimur
657 1777 963 1842 partitione.
1039 1773 1101 1821 In
1130 1790 1238 1840 quo
1273 1772 1561 1823 videndum
1583 1783 1683 1830 est,

107 1881 174 1914 ne
223 1874 315 1912 aut
366 1861 588 1931 aliquod
632 1878 795 1932 genus
834 1858 966 1908 utile
1005 1857 1365 1926 relinquatur,
1431 1869 1524 1906 aut
1564 1874 1684 1906 sero
1726 1900 1730 1914 ,

110 1960 256 1998 extra
291 1949 664 2015 partitionem,
729 1947 787 1996 id
842 1945 987 2015 quod
1028 1944 1436 1995 vitiosissimum
1475 1960 1535 1991 ac
1576 1954 1682 1991 tur-

109 2035 390 2101 pissimum
427 2045 535 2092 est,
573 2030 848 2082 inferatur.
927 2030 1257 2079 Paucitas
1297 2031 1354 2078 in
1392 2029 1686 2095 partitione

109 2130 378 2176 servatur,
441 2120 487 2167 si
533 2134 722 2189 genera
770 2118 887 2184 ipsa
931 2131 1110 2164 rerum
1149 2125 1451 2180 ponuntur,
1512 2129 1685 2180 neque

13 2229 17 2236 ·
66 2229 72 2233 ·
108 2205 365 2272 permixte
408 2220 526 2251 cum
568 2201 808 2270 partibus
849 2200 1205 2267 implicantur.
1296 2199 1431 2247 Nam
1467 2208 1682 2267 genus

3 2594 22 2642 ἰ

109 2300 219 2346 est,
289 2288 436 2356 quod
485 2287 662 2354 plures
712 2294 887 2355 partes
931 2285 1296 2353 amplectitur,
1360 2294 1423 2331 ut
1469 2281 1682 2332 animal.

109 2374 272 2422 Pars
300 2385 399 2431 est,
440 2389 576 2441 quae
602 2360 786 2437 subest
813 2373 1009 2443 generi,
1050 2383 1112 2420 ut
1141 2385 1327 2438 equus.
1389 2368 1508 2418 'Sed
1529 2384 1683 2435 saepe

53 2510 76 2538 χ,
110 2459 292 2509 eadem
331 2475 413 2507 res
453 2457 545 2507 alii
585 2450 779 2528 genus,
842 2457 1090 2524 aliipars
1128 2466 1221 2504 est.
1319 2454 1454 2503 Nam
1493 2451 1678 2511 homo,

107 2543 328 2593 animali
373 2560 494 2610 pars
537 2554 648 2602 est3
715 2538 979 2591 Thebanis
1019 2552 1110 2590 aut
1147 2540 1424 2598 Troiani3‚
1495 2555 1677 2608 genus.

110 2630 250 2677 Haec
276 2620 728 2699 ideokliligentius
753 2628 1027 2678 inducitur
1056 2626 1341 2692 descriptio
1357 2660 1373 2682 ‚
1413 2635 1475 2672 ut
1501 2634 1680 2690 aperte

110 2714 375 2763 intellecta
412 2713 641 2785 generali
675 2713 1118 2781 praescriptione,
1157 2712 1396 2777 paucitas
1428 2725 1679 2779 generum

110 2801 168 2848 in
205 2800 493 2868 partitione
531 2801 728 2850 servari
764 2799 954 2866 possit.
1041 2798 1175 2847 Nam
1202 2796 1296 2864 qui
1320 2795 1394 2843 ita
1421 2794 1681 2861 partitur:
