1878 3198
219 106 238 130 -Ι,

93 152 803 251 -iti-IETORICORUR1
860 185 1008 228 LIB.
1046 183 1121 228 ΙΙ.
1166 180 1245 227 16.
1277 180 1362 237 17,
1389 192 1468 239 ιδ.
1537 186 1682 253 297“

69 341 460 398 excellentibus.
536 346 599 399 In
637 337 741 393 illis
778 347 919 394 enim
958 342 1084 411 finis
1123 356 1232 404 est,
1265 344 1343 394 “ut
1367 345 1451 402 id,
1492 345 1642 415 Aquod

71 434 297 489 dicitur,
351 448 536 481 verum
573 447 684 479 esse
718 430 990 491 videatur3
1030 432 1085 479 in
1125 429 1241 488 his,
1291 432 1499 479 tametsi
1538 429 1643 480 hoc

71 529 289 588 quoque
326 518 497 567 videri
535 528 775 584 oportet,
827 528 1002 565 tamen
1042 513 1170 564 finis
1213 527 1292 565 est
1330 515 1642 584 amplitudo.

70 606 224 654 Nunc
250 604 316 653 ad
345 602 501 650 aliam
530 603 967 671 constitutionem
988 585 1340 651 transeamus.

187 701 266 747 17.
309 689 485 754 Quum
527 700 606 737 est
643 688 946 737 nominis
980 684 1371 745 controversia,
1412 689 1538 760 quia
1564 689 1648 738 vis

71 773 321 826 vocabuli
372 770 889 824 definienda'verbis
930 784 1035 830 est,
1101 774 1414 822 constitutio
1469 772 1647 828 defi÷

73 862 300 911 nitiva
343 860 552 909 dicitur.
627 859 758 908 Eius
789 860 992 928 generis
1020 857 1256 925 exemplo
1295 856 1450 907 nobis
1475 860 1650 925 posita

74 949 145 996 sit
180 944 312 995 haec
346 960 535 994 causa:
603 980 636 1001 ‚,
656 945 710 993 C.
740 943 1035 993 Flaminius
1061 935 1136 1002 is,
1178 945 1271 1013 qui
1301 943 1490 994 consul
1516 961 1648 992 rem-

8 1083 10 1085 ,
71 1030 340 1099 publicam
378 1028 516 1078 male
550 1032 712 1100 gessit
746 1029 886 1099 bello
923 1031 1124 1078 Punico
1167 1029 1430 1086 secundo,
1482 1046 1649 1098 quum

72 1115 325 1166 tribunus
375 1115 544 1183 plebis
596 1126 762 1171 esset,
824 1115 997 1165 invito
1049 1126 1263 1171 senatu,
1335 1109 1387 1164 et
1429 1116 1650 1164 omnino

75 1214 263 1252 contra
311 1201 641 1252 voluntatem
684 1203 931 1253 ,omnium
979 1203 1325 1267 optimatum,
1388 1216 1482 1266 per
1518 1199 1649 1248 sedi·

75 1291 278 1339 tionem
321 1288 388 1337 ad
423 1285 681 1354 populum
720 1285 887 1355 legem
917 1288 1176 1356 agrariam
1204 1283 1424 1335 ferebat.
1501 1286 1652 1333 Hunc

72 1386 224 1441 pater
274 1391 399 1422 suus
437 1370 736 1420 ‘concilium
784 1371 953 1438 plebis
1002 1370 1286 1419 habentem
1338 1371 1402 1419 de
1449 1353 1651 1436 templo

75 1459 312 1530 deduxit3
353 1458 636 1507 arcessitur
664 1458 1022 1514 maiestatisf‘
1087 1457 1317 1504 Intentio
1349 1467 1456 1505 est:
1503 1458 1655 1513 „Mau

74 1530 317 1593 iestatem
349 1544 622 1599 minuisti,
662 1543 809 1611 quod
837 1542 1108 1591 tribunum
1141 1539 1315 1611 plebis
1352 1541 1417 1590 de
1454 1540 1652 1607 templo

0 1656 14 1679 ι.
77 1630 362 1679 deduxisti.
381 1637 416 1659 ‘⁶
490 1627 745 1694 Depulsio
795 1639 907 1675 est:
978 1628 1149 1684 „Non
1186 1628 1358 1675 minui
1406 1627 1674 1675 maiestau

75 1726 200 1764 tem.
221 1721 256 1743 “
343 1714 598 1778 Quaestio
647 1725 785 1762 estz‘·
825 1714 1276 1769 „Maiestatemne
1328 1712 1595 1771 minuerit.
1615 1715 1651 1739 ‘⁶

76 1801 235 1850 Ratio
251 1815 282 1848 :·-
332 1800 444 1858 „In
488 1797 664 1848 filium
718 1799 857 1846 enim
909 1816 1069 1867 quam
1107 1796 1371 1846 habebam
1420 1807 1651 1863 potesta-

77 1898 204 1944 tem,
244 1902 303 1934 ea
329 1888 457 1934 usu's
480 1893 657 1934 sum.“
724 1885 967 1934 Rationis
987 1879 1311 1930 infirmatio:
1349 1882 1463 1938 „At
1489 1882 1649 1938 enim,

79 1966 173 2040 qui
210 1973 381 2038 patria
412 1981 704 2037 potestate,
754 1969 859 2018 hoc
900 1980 1007 2025 est,
1063 1971 1271 2035 privata
1295 1965 1649 2024 tribunitiam,

75 2054 199 2106 hoc*
219 2067 326 2113 est,
366 2055 553 2122 populi
580 2065 896 2122 potestatem
926 2051 1167 2102 infirmat
1186 2090 1199 2110 ,
1252 2053 1445 2101 minuit
1471 2053 1515 2100 is
1541 2061 1649 2099 ma-

77 2143 379 2190 iestatem.“
452 2122 714 2189 Iudica'tio
738 2150 843 2189 est:
885 2141 1199 2196 „Minuatne
1225 2141 1268 2186 is
1297 2138 1646 2194 maiestatem,

33 2285 37 2293 J
79 2229 175 2295 qui
215 2228 271 2274 in
311 2224 647 2275 tribunitiam
683 2235 1001 2292 potestatem
1041 2226 1212 2291 patria
1249 2233 1511 2290 potestate
1539 2233 1649 2270 uta·

33 2314 36 2317 ’
79 2318 225 2360 tur.“
280 2312 365 2360 Ad
390 2310 527 2359 hanc
553 2310 932 2360 iudicationem
957 2310 1439 2380 argumentationes
1462 2306 1649 2356 ‘omnes

83 2394 256 2446 afferri
294 2395 581 2464 oportebit.

135 2519 140 2523 ,
191 2494 269 2541 18.
308 2484 386 2531 Ac
421 2499 486 2531 ne
523 2483 642 2550 quis
682 2479 823 2530 forte
861 2480 1176 2535 arbitretur,
1217 2496 1314 2528 nos
1352 2495 1461 2528 non
1499 2475 1648 2527 intel·

12 2608 14 2612 ,
80 2556 271 2637 ligere,
349 2567 770 2634 aliam-quoque
819 2567 1051 2615 incidere
1103 2565 1542 2614 constitutionem
1594 2564 1650 2611 in

81 2649 217 2700 hanc
250 2666 490 2711 causam3
545 2669 657 2700 eam
698 2647 796 2700 nos
833 2664 1038 2719 partem
1067 2650 1234 2699 solam
1264 2651 1552 2707 sumimus,
1593 2650 1649 2696 in

84 2754 244 2805 quaxn
271 2749 548 2805 praecepta
572 2735 726 2787 nobis
753 2736 927 2786 danda
957 2747 1095 2784 sunt.
1187 2732 1447 2784 Omnibus
1472 2745 1647 2781 autem
1716 2717 1717 2720 Ἰ
