1878 3198
238 260 340 306 AD
381 257 876 305 HERENNIUM
925 257 1085 302 Lm.
1129 256 1355 316 1v.55.
1396 259 1478 316 36.
1571 232 1668 324 15‘5

110 422 169 473 in
221 417 420 472 officio.
447 437 545 471 suo
599 419 882 470 continere.
995 419 1200 485 Quare,
1265 421 1326 470 L.
1384 420 1558 478 Cassi,
1623 422 1673 470 si

109 518 328 565 testem,
376 517 742 575 praeterquam
778 504 925 573 quod
963 506 1124 563 sciat,
1166 516 1260 554 aut
1299 505 1554 563 audierit,
1593 524 1671 556 ar·

112 594 440 664 gumentari‚
516 602 567 640 et
619 591 919 640 coniectura
967 592 1220 660 prosequi
1268 593 1514 658 patieris;
1588 592 1671 640 ius

113 678 437 728 accusatoris
469 694 592 726 cum
618 677 733 724 iure
754 677 1049 725 testimonii
1075 677 1439 726 commiscebis
1456 712 1472 735 ‚
1523 678 1672 726 testis

113 761 347 830 improbi
412 762 758 830 cupiditatem
821 758 1191 820 confirmabis,
1265 780 1356 812 reo
1408 762 1673 830 duplicem

114 845 478 898 defensionem
513 845 784 914 parabis..“
853 848 951 896 Est
977 845 1107 896 haec
1136 850 1407 898 exornatio
1441 850 1673 916 copiosa.

115 931 527 1000 Comprehendit
574 933 715 980 enim
764 929 913 983 brevi
952 932 1149 992 multa,
1210 944 1261 982 et
1296 951 1451 982 suum
1486 935 1677 1002 cuique

114 1016 355 1069 tribuens
394 1015 662 1076 officium,
711 1018 992 1084 separatim
1026 1035 1107 1068 res
1148 1018 1343 1070 dividit
1372 1019 1567 1087 plures.

222 1105 309 1162 56.
346 1105 666 1154 Licentia
709 1114 818 1160 est,
859 1121 1024 1172 quum
1061 1104 1202 1172 apud
1237 1122 1356 1163 eos,
1407 1121 1544 1174 quos
1584 1116 1680 1154 aut

116 1191 314 1247 vereri,
365 1200 457 1238 aut
502 1200 734 1238 metuere
773 1187 1054 1247 dehemus,
1117 1184 1291 1239 tamen
1339 1189 1541 1260 aliquid
1577 1207 1674 1258 pro

116 1275 232 1324 iure
270 1285 454 1324 nostro
507 1275 759 1332 dicimus,
832 1274 979 1344 quod
1017 1291 1107 1324 eos
1160 1275 1377 1325 minime
1427 1272 1678 1335 offendat,

117 1372 211 1410 aut
248 1377 384 1430 quos
425 1361 466 1410 ii
505 1359 764 1430 diligunt,
828 1378 992 1431 quum
1027 1363 1085 1410 in
1132 1361 1313 1430 aliquo
1354 1372 1525 1410 errato
1559 1377 1680 1411 vere

117 1445 430 1514 reprehendi
455 1462 610 1514 posse
638 1445 948 1502 videantur,
987 1444 1092 1501 hoc
1118 1447 1310 1497 modo:
1350 1447 1677 1508 ‚‚Miramini‚

120 1533 388 1598 Quirites,
450 1529 599 1600 quod
644 1529 709 1579 ab
749 1529 995 1580 omnibus
1030 1543 1236 1582 vestrae
1271 1532 1503 1580 rationes
1537 1530 1679 1580 dese-

118 1615 343 1667 rantur?
427 1616 574 1685 quod
622 1632 832 1664 causam
892 1627 1123 1665 vestram
1174 1633 1329 1667 nemo
1386 1616 1679 1684 suscipiat?

120 1702 268 1773 quod
320 1717 375 1750 se
424 1717 581 1751 nemo
624 1703 787 1752 vestri
835 1697 1164 1751 defensorem
1205 1699 1560 1772 profiteatur?
1622 1702 1680 1752 id

121 1786 341 1836 tribuite
365 1798 571 1837 vestrae
598 1786 808 1854 culpae3
849 1786 1263 1856 atque'desinite
1293 1789 1491 1837 mirari.
1533 1787 1680 1853 Quid

122 1875 262 1922 enim
307 1884 415 1930 est,
481 1889 643 1941 quare
692 1889 800 1922 non
839 1888 1022 1921 omnes
1059 1873 1216 1921 istam
1251 1890 1361 1922 rem
1404 1870 1584 1944 fugere
1624 1889 1682 1922 ac

122 1961 288 2029 vitare
330 1956 595 2024 debeant?
655 1957 1058 2015 Recordamini,
1096 1974 1232 2027 quos
1270 1956 1563 2007 habueritis
1595 1958 1680 2008 de·

124 2041 391 2103 fensores3
454 2043 631 2092 studia
670 2059 856 2092 eorum
898 2041 1050 2092 vohis
1095 2054 1214 2091 ante
1255 2041 1435 2094 oculos
1490 2062 1693 2112 propo-1

124 2130 264 2188 nite3
318 2128 507 2179 deinde
534 2129 702 2178 exitus
743 2129 981 2178 omnium
1010 2129 1354 2179 considerate.
1431 2131 1566 2179 Tum
1593 2147 1681 2179 vo-

123 2211 207 2261 his
246 2214 423 2262 veniet
456 2214 512 2261 in
548 2223 803 2272 mentem,
854 2225 916 2263 ut
955 2231 1075 2264 vere
1111 2213 1313 2273 dicam,
1367 2213 1683 2284 negligentia

124 2308 325 2354 vestra,
366 2299 478 2347 sive
511 2299 720 2368 ignavia
754 2300 936 2365 potius
971 2299 1090 2350 illos
1120 2317 1301 2349 omnes
1341 2312 1462 2348 ante
1503 2299 1682 2350 oculos

125 2394 330 2433 vestros
379 2382 672 2432 trucidatos
725 2400 869 2441 esse,
943 2386 1188 2434 inimicos
1252 2401 1433 2433 eorum
1493 2386 1680 2435 vestris

126 2463 392 2536 suffragiis
419 2467 477 2514 in
502 2467 881 2534 amplissimum
909 2468 1087 2519 locum
1113 2471 1469 2536 pervenisse.“
1520 2471 1685 2527 Item:

127 2551 314 2610 „Nam
352 2552 482 2620 quid
519 2550 652 2611 fuit,
715 2554 947 2611 iudices,
1011 2571 1174 2624 quare
1209 2557 1265 2603 in
1302 2556 1575 2604 sententiis
1611 2553 1684 2604 fe·

126 2636 303 2685 tendis
343 2636 743 2698 dubitaveritis,
793 2651 885 2699 aut
917 2642 1078 2688 istum
1116 2638 1384 2690 hominem
1424 2637 1680 2688 nefarium

58 2771 63 2774 ,
129 2721 541 2788 ampliaveritis‘?
616 2739 723 2773 non
763 2726 1124 2791 apertissimae
1169 2742 1251 2775 res
1295 2737 1441 2774 erant
1477 2726 1683 2774 crimini

131 2794 324 2861 datae?
361 2825 468 2858 non
503 2825 682 2857 omnes
716 2808 814 2859 hae
851 2809 1078 2860 testibus
1117 2809 1528 2877 comprobatae?
1576 2825 1684 2859 non
