1924 3224
256 279 326 329 58
408 246 441 265 ²
599 239 1458 317 RHE'roiuc‘oRuM

259 424 326 476 ab
359 442 486 499 reo,
553 426 656 478 alia
705 426 771 478 ab
820 416 1125 481 accusatore
1169 441 1483 481 tractantur.
1569 429 1630 481 In
1665 432 1826 483 caus&

259 512 603 564 coniecturali
639 517 886 581 proprius
937 513 1087 566 locus
1132 517 1450 566 accusatoris
1491 525 1596 575 est,
1657 534 1825 588 quum
1875 527 1881 560 ἰ

258 598 392 648 dicit
411 594 677 648 'malorum
705 600 942 649 misereri
966 618 1076 651 non
1112 606 1382 668 oportere,
1439 613 1490 651 et
1514 619 1694 672 ¹quum
1734 620 1826 652 au-

257 695 348 754 get
397 680 528 733 facti
576 686 926 735 atrocitatem.
1026 682 1332 736 Defensoris
1380 689 1628 755 proprius
1674 679 1837 739 locus.

260 781 368 826 est,
409 787 575 838 quum
612 762 1266 839 misericordiam‘captat,
1326 784 1380 822 et
1419 773 1823 842 quum'faccusa·

260 867 432 905 torem
458 855 769 905 calumniari
802 857 1123 906 criminatur.
1226 859 1542 921 Communes
1570 857 1677 922 locj
1699 869 1824 909 sunt
1895 886 1899 889 κ

260 957 427 1009 quum
454 943 804 999 accusatoris,
844 953 957 989 tum
985 939 1309 1001 defensoris,
1350 962 1380 992 a
1402 942 1661 1024 testibffi'·
1700 961 1823 995 con-

260 1036 342 1074 tra
368 1037 525 1076 testes
542 1062 558 1086 ‚
600 1046 630 1077 a
658 1026 1060 1097 quaestionibus
1077 1065 1092 1087 ,
1147 1041 1329 1079 contra
1353 1029 1717 1098 quaestiones,
1756 1028 1822 1079 ab

262 1114 616 1182 a1·gume11ti8‚
675 1124 861 1163 contra
886 1103 1222 1184 argumenta,
1274 1134 1302 1166 a
1326 1113 1661 1174 rumoribus,
1696 1109 1840 1187 'com'

260 1207 343 1245 tra
403 1215 657 1248 rumores.
765 1201 814 1249 A
874 1199 1183 1252 testibus
1244 1201 1477 1251 dicemus
1533 1191 1826 1252 secundum

262 1285 635 1349 auctoritatem
663 1295 716 1333 et
743 1286 906 1335 vitam
931 1281 1179 1344 testium,
1220 1297 1274 1335 et
1297 1288 1650 1337 constantiam
1677 1288 1822 1337 testi-

260 1369 580 1417 moniorum.
658 1370 911 1419 Contra
949 1382 1191 1429 testes,
1230 1371 1521 1421 secuudum
1547 1372 1688 1422 vitae
1713 1383 1824 1421 tur-

259 1451 576 1518 pitudinem,
606 1455 1035 1506 testimoniorum
1059 1458 1502 1516 inconstantiam3
1536 1458 1583 1506 si
1595 1468 1689 1507 aut
1702 1454 1826 1507 fieri

261 1553 371 1585 non
410 1540 649 1604 potuisse
688 1539 954 1600 dicemus,
1008 1553 1109 1592 =aut
1148 1559 1257 1592 non
1293 1539 1492 1592 factum
1528 1558 1640 1594 esse
1677 1525 1824 1613 quod

264 1621 469 1683 dicant,
530 1636 632 1674 aut.
661 1627 794 1674 scire
845 1626 965 1676 illos
1014 1645 1123 1677 non
1158 1627 1424 1695 potuisse,
1491 1639 1584 1678 aut
1634 1628 1825 1696 cupide

263 1706 466 1767 dicere,
507 1722 558 1759 et
581 1713 951 1782 argumentari.
1039 1716 1177 1762 Haec
1205 1725 1256 1763 et
1284 1713 1350 1763 ad
1375 1703 1823 1780 improbationem

263 1787 317 1840 et
354 1793 791 1859 approbationem
824 1799 1038 1846 testium
1083 1796 1437 1864 pertinebunt.
1532 1801 1582 1849 A
1619 1816 1822 1868 quae-

264 1877 628 1927 stionibus
665 1881 931 1939 dicemus,
971 1900 1136 1952 quum
1164 1881 1674 1940 demonstrabimus,
1714 1901 1820 1932 ma-

262 1961 400 2011 iores
439 1965 551 2014 veri
584 1965 887 2016 inveniendi
921 1984 1075 2017 causa
1103 1967 1380 2019 tormentis
1420 1979 1473 2018 et
1498 1967 1820 2019 cruciatibus
1892 2036 1893 2039 Ἴ

264 2046 494 2097 voluisse
525 2054 738 2119 quaeri,
789 2063 841 2102 et
867 2071 1074 2105 summo
1100 2053 1281 2104 dolore
1303 2051 1546 2123 homines
1576 2055 1721 2124 cogi,
1759 2064 1823 2103 ut

262 2134 529 2204 quidquid
576 2139 774 2194 sciant,
840 2138 1034 2188 dicant.
1131 2141 1198 2188 Et
1233 2149 1498 2207 praeterea
1537 2136 1819 2189 confirma-

261 2221 372 2270 tior
421 2219 552 2271 haec
602 2225 700 2272 erit
748 2223 1069 2292 disputatio,
1142 2226 1216 2282 si,
1279 2241 1414 2293 quae
1466 2215 1818 2283 dicta'erunt,

264 2309 711 2375 argumentando,
775 2310 963 2359 iisdem
1000 2311 1130 2368 viis,
1203 2308 1398 2379 quibus
1436 2311 1609 2361 omnis
1649 2303 1819 2359 conie‘·

264 2402 411 2439 ctura
439 2404 727 2452 tractatur,
779 2394 1046 2445 trahemus
1070 2395 1145 2444 ad
1186 2394 1525 2444 verisimilem
1564 2395 1820 2462 suspicio·
1871 2462 1874 2466 ¹

265 2493 415 2536 nem3
464 2478 711 2549 idemque
738 2479 840 2531 hoc
880 2483 934 2530 in
972 2482 1293 2530 testimoniis
1323 2477 1493 2530 facere
1530 2477 1815 2548 oportebit.

264 2563 515 2611 Contra
565 2568 1016 2633 quaestiones
1052 2564 1156 2616 hoc
1201 2566 1361 2616 modo
1404 2566 1664 2617 dicemus:
1715 2566 1817 2633 pri·

263 2664 408 2696 mum
460 2635 684 2701 maiores
746 2651 975 2702 voluisse
1040 2653 1190 2701 certis
1242 2654 1298 2701 in
1346 2651 1501 2701 rebus
1552 2651 1819 2718 interponi

263 2735 628 2802 quaestiones,
693 2754 886 2805 quum,
940 2754 1075 2807 quae
1122 2755 1242 2786 vere
1280 2738 1608 2795 dicerentur,
1673 2736 1816 2792 sciri,

262 2836 396 2887 quae
445 2817 581 2870 falso
635 2822 692 2869 in
742 2825 1048 2890 quaestione
1097 2825 1598 2889 promnitiarentur‚
1647 2818 1816 2871 refelli
