1878 3198
245 233 345 278 AD
389 225 881 278 HERENNIUM
939 229 1099 278 ΜΒ.
1145 233 1240 281 1V.
1285 241 1364 288 50.
1405 241 1488 288 51·
1582 249 1675 296 171

115 405 208 444 aut
255 395 666 462 vituperationis
727 411 902 444 causa.
1012 396 1266 446 Laudis
1328 411 1513 452 causa,
1577 396 1678 445 sic:

103 478 286 538 „Ibat
319 481 377 529 in
414 479 703 547 proelium,
759 492 972 547 pectore
1008 484 1148 530 tauri
1186 481 1532 537 validissimi,
1586 483 1679 528 im-

111 575 240 632 petu
275 563 442 613 leonis
482 566 724 614 acerrimi
762 566 1010 614 similis.“
1082 568 1680 634 Vituperationis,

112 660 172 697 ut
208 651 264 697 in
304 650 522 708 odium,
585 662 676 699 aut
712 652 767 699 in
805 651 1088 710 invidiam,
1134 651 1241 701 *aut
1277 655 1333 701 in
1373 652 1681 702 contemtio-

112 751 234 783 nem
270 734 515 785 adducat.
601 739 674 787 Ut
723 738 780 785 in
819 737 1076 794 odium,
1127 735 1232 786 hoc
1268 738 1458 787 modo:
1525 738 1681 795 „Iste

113 820 360 889 quotidie
418 839 512 889 per
571 819 749 871 forum
800 822 1066 879 medium,
1143 833 1401 891 tanquam
1460 820 1678 871 iubatus

112 906 302 964 draco,
366 909 557 974 serpit,
617 906 863 957 dentibus
903 907 1152 964 aduncis,
1217 918 1430 974 aspectu
1467 905 1678 963 rabido,

111 993 304 1058 spiritu
341 1005 630 1053 venenato,
697 996 1140 1059 circumspectans
1177 991 1282 1040 huc
1329 1004 1382 1043 et
1414 991 1568 1049 illuc,
1635 992 1680 1040 si

112 1094 272 1146 quem
309 1079 565 1145 reperiat,
630 1080 716 1126 cui
765 1078 970 1146 aliquid
1020 1077 1146 1126 mali
1194 1075 1439 1130 faucibus
1464 1074 1679 1134 afflare,

112 1161 364 1212 dentibus
412 1166 674 1221 insecare,
730 1162 912 1234 lingua
961 1179 1235 1234 aspergere
1279 1164 1470 1231 possit.
1487 1169 1524 1193 “
1606 1164 1680 1213 Ut

109 1249 166 1295 in
214 1248 570 1317 invidi-am,
602 1249 860 1305 adducat,
926 1247 1032 1298 h'oc
1072 1249 1263 1299 modo:
1340 1250 1519 1306 ,‚Iste‚
1587 1249 1680 1317 qui

111 1332 327 1384 divitias
367 1351 487 1382 suas
526 1324 717 1392 iactat,
784 1336 924 1383 sicut
974 1334 1158 1384 Gallus
1198 1352 1224 1383 e
1262 1332 1522 1404 Phrygia,
1586 1344 1680 1382 aut

109 1419 308 1469 ariolus
348 1421 646 1488 quispiam,
687 1420 965 1486 depressus
1005 1431 1055 1468 et
1092 1431 1341 1469 oneratus
1380 1436 1541 1476 auro,
1579 1418 1679 1468 cla-

108 1516 248 1563 mat,
300 1515 353 1553 et
391 1505 660 1554 deierat.“
734 1508 804 1555 Ut
841 1507 898 1553 in
946 1508 1517 1571 contemtionem,
1572 1506 1675 1554 sic:

108 1625 147 1649 „
162 1591 294 1648 Iste,
336 1590 430 1658 qui
466 1601 716 1659 tanquam
757 1589 1000 1645 cochlea,
1055 1589 1382 1658 abscondens
1421 1601 1474 1639 et
1509 1601 1676 1639 reten-

107 1687 228 1724 tans
267 1691 378 1724 sese
413 1677 639 1734 tacitus,
693 1692 810 1724 cum
849 1676 1010 1726 domo
1049 1694 1144 1726 sua
1180 1688 1359 1736 totuS,
1408 1687 1470 1726 ut
1507 1691 1674 1725 come-

108 1760 299 1819 datur,
340 1759 640 1811 aufertur.“

215 1857 301 1906 51.
350 1844 434 1896 Ef
443 1844 652 1897 fictio
703 1860 814 1907 est,
874 1867 1042 1918 quum
1092 1849 1404 1916 exprimitur
1440 1857 1491 1896 et
1528 1843 1674 1895 effin-

107 1933 252 2003 git'ur
287 1931 462 1983 verbis
503 1935 738 1999 corporis
779 1935 1075 2001 cuiuspiam
1113 1932 1316 1992 forma,
1370 1932 1515 2002 quod
1544 1932 1673 1980 satis

108 2018 180 2067 sit
211 2017 299 2067 *ad
348 2017 780 2088 intelligendum,
845 2018 949 2070 hoc
996 2020 1187 2070 modo:
1266 2021 1470 2079 „Hunc
1532 2017 1670 2074 dico,

106 2103 341 2162 iudices,
375 2102 630 2161 rubrum,
669 2102 910 2163 brevem,
948 2107 1258 2164 incurvum,
1299 2121 1506 2166 canum,
1551 2100 1670 2150 sub-

110 2189 372 2255 crispum,
436 2190 694 2248 caesium‚
751 2193 836 2239 cui
882 2208 1007 2240 sane
1057 2209 1248 2261 magna
1286 2200 1363 2239 est
1399 2189 1455 2236 in
1492 2196 1671 2235 mento

110 2273 354 2333 cicatrix;
419 2275 465 2323 si
515 2291 621 2343 quo
658 2276 820 2326 modo
857 2287 1035 2344 potest
1077 2275 1230 2327 vobis
1269 2276 1325 2323 in
1362 2273 1672 2322 memoriam

106 2357 295 2407 redire.
316 2365 354 2387 ‘⁶
437 2358 608 2408 Habet
654 2358 784 2410 haec
831 2363 1103 2411 exornatio
1163 2379 1326 2430 quum
1365 2358 1667 2414 utilitatem,

105 2443 154 2492 si
179 2460 358 2512 ¹quem
406 2443 536 2494 velis
587 2445 976 2507 demonstrare3
1041 2459 1155 2496 tum
1203 2456 1563 2501 venustatem,
1615 2430 1706 2496 ‚si'

107 2526 340 2604 breviter
378 2541 430 2578 et
466 2529 695 2581 dilucide
732 2530 874 2582 facta
912 2546 1006 2582 est.

213 2615 502 2664 Notatio
542 2628 648 2676 est,
699 2636 864 2686 quum
903 2619 1126 2668 alicuius
1164 2629 1352 2668 natura
1390 2617 1543 2666 certis
1585 2616 1669 2666 de·

109 2697 358 2747 scribitur
396 2701 591 2771 signis,
631 2721 798 2771 quae,
827 2705 1006 2752 -sicuti
1045 2715 1203 2753 notae
1241 2704 1529 2772 quaedam,
1582 2718 1668 2749 na·

110 2793 260 2833 turae
320 2797 444 2835 sunt
497 2786 766 2838 attributa.
867 2791 939 2839 Ut
987 2789 1034 2838 si
1081 2789 1208 2839 velis
1271 2806 1379 2838 non
1431 2787 1668 2841 divitem,
