1878 3198
314 222 975 276 RHETORICOR'UM
1031 227 1183 273 L1B;
1235 229 1285 272 Ι.
1342 236 1425 286 49.
1556 242 1658 292 255

93 398 451 449 Remotum
488 402 601 450 est,
653 390 802 460 quod
837 387 979 441 ultra
1015 406 1178 458 quam
1215 390 1342 439 satis
1380 400 1489 447 est,
1528 388 1659 456 peti-

93 493 212 539 tur,
264 478 369 530 hoc
403 479 596 528 modo:
660 475 875 543 „Quod
929 475 972 523 si
1009 492 1117 524 non
1152 477 1210 524 P.
1252 472 1428 542 Scipio
1470 475 1660 524 Corne—

91 566 222 617 liam
259 563 430 615 filiam
467 564 548 612 Ti.
589 560 829 613 Graccho
879 560 1212 618 collocasset,
1276 572 1438 630 atque
1489 577 1550 608 ex
1599 577 1662 609 ea

92 653 231 704 duos
270 646 538 702 Gracchos
577 657 933 714 procreasset,
968 656 1145 699 tantae
1182 645 1470 697 seditiones
1508 656 1662 693 natae

96 755 206 788 non
242 745 431 787 essent.
507 733 683 806 Quaije
720 730 824 783 hoc
860 731 1257 782 incommodum
1296 731 1536 798 Scipioni
1572 731 1662 788 ad-

97 821 436 873 scribendum
471 818 744 872 videtur.“
843 817 1166 867 Huiusmodi
1203 827 1282 867 est
1319 815 1411 866 illa
1439 831 1662 886 „quoque

16 960 22 972 .
97 907 406 977 conquestio
423 921 437 954 z

209 1074 407 1118 Utinam
437 1089 497 1117 ne
528 1073 582 1116 in
612 1087 809 1117 nemore
840 1070 972 1116 Pelio
1005 1070 1255 1116 securibus

211 1173 353 1219 Caesa
382 1172 632 1218 accidisset
661 1171 861 1232 abiegna.
890 1173 946 1216 ad
975 1185 1149 1216 terram
1180 1169 1358 1216 trabes!

97 1350 332 1419 Longius
383 1349 524 1396 enim
571 1348 796 1415 repetita
845 1358 954 1403 est,
1010 1363 1171 1416 quam
1220 1362 1302 1394 res
1339 1342 1663 1411 postulabat.

16 1500 25 1503 Π
95 1437 153 1485 Μ
169 1434 228 1483 al
242 1453 272 1482 a
322 1435 355 1484 d
370 1451 396 1482 e
411 1430 584 1482 finit
600 1434 664 1481 io
716 1444 797 1481 est
812 1468 827 1490 ‚
879 1450 1047 1500 quum
1099 1444 1189 1480 aut
1240 1431 1542 1480 communia
1579 1429 1666 1478 de-

98 1519 312 1577 scribit,
351 1518 457 1569 hoc
492 1517 682 1567 modo:
735 1540 770 1575 ·‚,
792 1517 1089 1567 Seditiosus
1129 1527 1209 1564 est
1245 1518 1322 1574 is,
1363 1516 1458 1584 qui
1494 1513 1666 1562 malus

100 1617 259 1674 atque
295 1603 499 1652 inutilis
538 1613 621 1650 est
658 1602 874 1660 civis;“
913 1602 1071 1664 (nam
1109 1599 1214 1650 hoc
1252 1617 1359 1649 non
1385 1600 1551 1668 magis
1590 1613 1667 1646 se—

100 1691 302 1746 ditiosi,
343 1705 504 1758 quam
532 1686 822 1743 ambitiosi,
862 1703 1023 1755 quam
1049 1685 1464 1742 calumniatoris,
1505 1700 1668 1751 quam

100 1774 324 1825 alicuius
377 1771 607 1840 improbi
647 1770 895 1820 hominis*
924 1772 1034 1821 vim
1074 1769 1392 1834 describit3)
1444 1779 1536 1816 aut
1571 1764 1665 1815 fal-

102 1878 219 1910 sum
255 1858 510 1928 quiddam
551 1857 712 1915 dicit,
751 1854 855 1905 hoc
896 1867 1078 1923 pacto:
1121 1855 1442 1922 „Sapientia
1473 1864 1553 1902 est
1578 1868 1666 1919 pe-

103 1947 290 1996 cuniae
328 1942 656 2012 quaerendae
694 1940 1040 2011 intelligentia
1053 1949 1122 2001 ;“
1184 1952 1275 1990 aut
1316 1938 1520 2008 aliquid
1559 1955 1668 1987 non

67 2047 291 2103 „gi-ave,
331 2045 427 2077 nec
463 2044 710 2096 magnum
750 2028 1051 2085 continens,
1093 2028 1199 2075 sic:
1255 2024 1548 2083 „Stultitia
1576 2032 1670 2071 -est
1728 2084 1731 2087 Δ

102 2118 388 2166 immensae
438 2112 635 2182 gloriae
686 2111 965 2176 cupiditas.
985 2118 1019 2140 ‘⁶
1127 2113 1223 2161 Est
1273 2108 1401 2158 haec
1449 2108 1669 2176 quidem

107 2199 364 2255 stultitia,
417 2197 508 2245 sed
561 2213 621 2243 ex
655 2207 799 2262 parte
839 2195 1097 2264 quadam,
1155 2212 1263 2243 nou
1302 2210 1362 2241 ex
1400 2194 1545 2241 omni
1585 2208 1668 2261 ge-

105 2302 258 2342 nere,
298 2278 535 2333 definita.
612 2282 1153 2331 Controversum
1192 2290 1300 2336 est,
1357 2279 1412 2326 in
1450 2294 1560 2345 quo
1601 2275 1670 2326 ad

107 2368 331 2421 dubium
370 2366 840 2416 demonstrandum
878 2365 1040 2417 dubia
1079 2382 1234 2416 causa
1272 2359 1514 2419 affertur,
1563 2360 1668 2419 hoc

106 2454 298 2504 modo:

222 2620 331 2665 Eho
383 2633 458 2670 tu,
511 2618 604 2669 dii,
666 2618 840 2679 quibus
894 2631 964 2662 est
1004 2629 1208 2676 potestas
1250 2628 1409 2660 motus
1440 2631 1668 2675 superum

856 2741 858 2746 .
904 2717 1043 2762 atque
1081 2702 1307 2752 inferum,

223 2795 392 2837 Pacem
421 2791 549 2835 inter
580 2806 677 2836 sese
707 2788 996 2838 conciliant,
1030 2789 1286 2836 conferunt
1315 2787 1637 2832 concordiam.
