1878 3198
203 282 304 332 282
422 297 424 300 v
692 257 1266 311 CICERONIS

204 430 328 480 dam
361 427 779 478 commotionem
805 424 1000 484 animi,
1042 406 1764 498 affectionemque-venffijsfet

203 516 479 565 sententiis
508 510 834 580 amplificare
860 510 1105 571 debebit,
1140 506 1200 562 ¹et:
1223 514 1530 572 ostendete,
1559 515 1768 583 quant-a

201 602 281 653 vis
332 601 528 659 amoris
578 600 675 655 sit,
735 609 934 667 quanta
985 583 1168 647 animi
1194 598 1532 671 perturbatio
1561 616 1626 673 ex
1661 590 1762 649 irai·

201 686 391 736 cundia
444 681 579 740 fiat,
631 695 721 732 aut
756 700 816 733 ex
851 683 1029 754 aliqua
1066 702 1220 734 causa
1260 701 1486 743 earum..
1518 697 1630 754 'qua
1666 686 1764 735 im-

200 771 415 840 pulsum
441 770 669 839 aliquem
695 770 751 820 id
778 767 964 819 fecisse
991 770 1145 820 dicet.
1188 772 1296 821 Hic
1326 781 1380 820 et
1403 771 1763 838 exemplorum
1792 774 1821 797 ³
1855 759 1859 761 ’

190 857 746 913 commemoratione,
787 859 882 925 qui
916 856 1077 905 simili
1113 855 1347 923 impulsu
1385 856 1602 926 aliquid*
1624 873 1762 915 comt

201 944 476 1000 miserint,
517 952 570 990 et
596 940 1007 991 similitudinum
1035 940 1348 1000 collatione,
1384 953 1438 992 et
1462 944 1631 1010 ipsius
1655 942 1764 993 ani·

201 1030 278 1078 mi
319 1025 613 1076 affectionis
653 1027 1028 1094 explicatione,
1079 1024 1516 1100 cuiandqut,
1538 1039 1617 1078 ut
1656 1019 1794 1102 nois

201 1117 397 1163 mirum
435 1114 708 1170 videatur,
749 1115 793 1161 si
832 1113 978 1182 quod
1017 1114 1084 1164 ad
1121 1111 1329 1163 facinus
1365 1106 1466 1163 tali
1491 1111 1763 1182 pert'mba·

200 1200 348 1249 tione
387 1210 686 1248 commotus
713 1200 1006 1248 accesserit.

313 1285 493 1350 Quum
544 1295 718 1332 autem
772 1301 880 1334 non
929 1284 1273 1351 impulsione,
1323 1301 1507 1334 verum
1543 1287 1763 1336 ratio·

205 1387 234 1420 c
247 1371 267 1419 i
282 1389 317 1419 n
332 1387 360 1418 a
374 1371 474 1419 tio
490 1388 526 1417 ιι
542 1385 569 1417 e
609 1360 839 1437 aliquem
874 1373 1201 1420 commisisse
1238 1369 1368 1439 quid
1392 1369 1547 1422 'dicet
1563 1405 1578 1427 ,
1630 1370 1772 1439 quid·

204 1454 475 1506 commodi
512 1455 584 1503 sit
620 1466 904 1524 sequutus,
954 1466 1042 1503 aut
1083 1455 1215 1524 quid
1252 1455 1579 1526 incommodi
1619 1453 1763 1528 fuge·

202 1543 305 1600 rit,
369 1539 782 1597 demonstrabit,
848 1551 897 1589 et
957 1540 1015 1589 id
1066 1539 1281 1611 augebit
1331 1559 1491 1611 quam
1538 1544 1764 1592 maxime

201 1629 435 1696 poterit,
475 1638 567 1682 ut,
608 1626 787 1696 quoad
827 1628 938 1675 eius
975 1614 1095 1674 fieri
1133 1623 1333 1692 possit,
1373 1627 1565 1677 idonea
1602 1645 1763 1698 quam

204 1717 430 1763 maxime
468 1703 625 1761 causa
664 1711 729 1761 ad
767 1711 1092 1778 peccandum
1127 1709 1343 1774 hortata
1373 1712 1630 1763 videatur.
1708 1709 1765 1765 Si
1838 1719 1839 1722 ’

205 1788 405 1870 gloriae
436 1814 622 1856 causa3
657 1788 911 1865 quantam
940 1796 1162 1866 gloriam
1191 1809 1633 1866 consequuturam
1662 1800 1763 1848 exi-

204 1885 451 1933 stimarit.
541 1883 673 1931 Item
723 1884 768 1930 si
819 1881 1228 1940 dominationis,
1288 1884 1335 1931 si
1383 1884 1664 1957 pecuniae,
1718 1885 1765 1932 si

206 1970 501 2027 amicitiae,
553 1968 598 2016 si
648 1967 1079 2026 inimicitiarum3
1133 1979 1185 2015 et
1235 1969 1453 2017 omnino
1496 1967 1766 2052 quidquid

192 2058 336 2112 'ei-it,
390 2053 537 2122 quocl
586 2068 770 2133 causae
820 2049 983 2100 fuisse
1023 2053 1188 2112 dicet,
1242 2054 1297 2103 id
1335 2071 1537 2103 summe
1575 2070 1764 2124 augere

208 2140 438 2191 debebit.
513 2140 556 2188 Ι·“
560 2149 581 2186 t
616 2137 720 2187 hoc
759 2155 877 2186 eum
904 2155 1219 2207 magnopere
1246 2135 1606 2189 cousideiare
1607 2155 1766 2207 opor-

207 2224 372 2283 tebit,
425 2241 533 2273 non
584 2223 716 2291 quid
769 2225 824 2271 in
875 2225 1094 2274 veiitate
1137 2223 1329 2281 modo,
1380 2242 1562 2302 velum
1602 2226 1763 2274 etiam

143 2312 155 2316 ’
207 2309 601 2366 vehementius,
643 2308 773 2376 quid.
804 2309 866 2356 in
906 2309 1155 2373 opinione
1194 2311 1337 2367 eius,
1378 2327 1538 2379 quem
1562 2321 1762 2380 arguet,

211 2393 389 2444 fuerit.
464 2392 611 2443 Nihil
638 2396 777 2442 enim
804 2390 993 2450 refert,
1032 2411 1139 2443 non
1166 2392 1359 2454 fuisse,
1400 2406 1492 2444 aut
1519 2411 1625 2444 non
1650 2410 1762 2443 esse

211 2479 414 2548 aliquid
445 2479 731 2536 commodi,
769 2491 861 2527 aut
892 2479 1232 2536 incommodi,
1265 2481 1310 2528 si
1337 2479 1545 2530 ostendi
1569 2490 1759 2546 potest,

210 2566 258 2614 ei
309 2567 480 2614 visum
531 2581 674 2621 esse,
723 2566 816 2633 qui
855 2549 1123 2634 arguatur.
1198 2566 1333 2613 Nam
1371 2566 1554 2632 opinio
1593 2564 1760 2631 dupli-

210 2652 342 2699 citer
391 2647 528 2697 fallit
567 2648 842 2709 homines;
893 2667 1056 2719 quum
1092 2656 1187 2699 aut
1221 2667 1303 2699 res
1344 2649 1627 2699 aliusmodi
1666 2660 1761 2708 est,
1788 2640 1804 2649 Ι

211 2752 272 2784 ac
307 2745 555 2803 putatur,
595 2747 687 2783 aut
727 2752 832 2783 non
874 2738 915 2783 is
943 2745 1155 2784 eventus
1186 2747 1296 2794 est,
1337 2751 1493 2803 quem
1521 2732 1764 2783 arbitrati

213 2832 353 2872 sunt.
426 2822 551 2870 Res
600 2818 981 2870 aliusmodi
1031 2831 1111 2868 est
1160 2831 1303 2880 tum,
1351 2837 1516 2890 quum
1561 2831 1655 2870 aut
1689 2820 1809 2877 id.-
