1878 3198
317 191 978 278 RHETofflcoRUNM
1045 234 1193 278 Lm.
1246 235 1293 277 ι.
1348 235 1432 290 55.
1548 254 1665 308 239—

74 397 193 448 ‘nisi
244 396 494 446 adiuncta
541 394 611 443 sit
656 392 999 461 approbati03
1064 399 1362 462 separatum
1398 399 1649 466 quiddam

90 493 170 532 est
199 494 341 533 extra
363 481 742 543 assumtionem
769 478 1103 547 approbatio.
1177 482 1272 530 Est
1299 492 1481 531 autem
1500 502 1650 554 argu-

89 570 346 618 mentatio
387 567 674 637 quaedam,
738 567 794 614 in
847 584 953 635 qua
1007 568 1264 616 assumtio
1299 584 1410 633 non
1446 570 1651 640 indiget

90 652 519 721 approbationis;
560 651 819 720 quaedam
845 663 1047 710 autem„
1099 652 1156 700 in
1200 670 1303 720 qua
1341 652 1475 703 nihil
1511 655 1653 706 valet

89 733 205 789 sine
255 737 663 805 approbatione,
716 747 775 784 ut
811 737 1164 786 ostendemus.
1274 738 1523 805 Separata
1571 752 1654 790 est

88 825 253 894 igitur
290 822 355 872 ab
394 824 714 872 assumtione
753 820 1084 888 approbatio.
1171 822 1537 874 Ostendemus»
1558 843 1651 874 au-

21 947 25 950 -
89 921 198 961 tem
246 909 332 966 id,
391 908 537 977 quod
591 906 814 973 polliciti
877 924 1086 963 sumus,
1148 906 1252 956 hoc
1288 910 1504 958 modo:>
1553 911 1652 969 „Si

91 1004 303 1061 oportet
327 992 459 1043 velle
497 1009 703 1058 sapere,
744 992 867 1040 dare
902 1009 1113 1058 operam
1141 991 1506 1059 philosophiae
1533 1012 1651 1045 con-

88 1080 293 1130 venit.“
402 1079 540 1126 Haec
596 1079 894 1144 propositio
968 1077 1168 1146 indiget
1231 1077 1649 1145 approbationis.

87 1160 209 1212 Non
235 1164 375 1211 enim
399 1165 675 1229 perspicua
703 1173 808 1218 est,
842 1177 1012 1229 neque
1051 1155 1259 1210 constat
1283 1165 1422 1211 inter
1449 1181 1650 1224 omnes,

89 1260 367 1317 propterea
405 1247 552 1316 quod
571 1246 745 1311 )nulti
782 1244 917 1295 nihil
952 1246 1198 1312 prodesse
1235 1245 1651 1315 philosophiam,

88 1332 328 1401 plerique
379 1333 539 1387 etiam
589 1331 772 1381 obesse
822 1330 1163 1380 arbitrantur.
1250 1333 1525 1383 Assuintio
1565 1345 1655 1383 est

89 1416 248 1467 haec:
311 1417 575 1483 „Oportet
623 1429 800 1465 autem
848 1415 980 1468 velle
1030 1424 1267 1482 sapere.“
1378 1419 1491 1466 Hoc
1528 1420 1655 1487 quia

90 1505 266 1569 ipsum
303 1519 364 1551 ex
402 1519 456 1550 se
492 1503 918 1576 perspiciturfet
953 1519 1134 1551 verum
1173 1517 1284 1549 esse
1322 1502 1651 1572 intelligitur,

91 1586 226 1636 nihil
264 1588 456 1638 attinet
489 1585 786 1652 approbari.
861 1585 1037 1651 Quare
1074 1587 1252 1634 statim
1292 1587 1655 1636 concludenda

92 1682 173 1719 est
231 1672 634 1740 argumentatio.
745 1672 842 1718 Est
880 1686 1014 1740 ergo
1064 1671 1320 1719 assumtio
1373 1672 1652 1739 quaedam,

92 1770 229 1823 quae
278 1754 678 1820 approbationis
727 1772 833 1805 non
888 1755 1106 1824 indiget.
1216 1755 1372 1803 Namx
1388 1758 1655 1824 quandam

91 1841 327 1909 indigere
376 1841 709 1906 perspicuum
747 1851 853 1889 vest.
966 1841 1214 1906 Separata
1264 1851 1343 1888 est
1385 1842 1551 1911 igitur
1587 1842 1653 1892 ab

94 1927 418 1997 assumtione
453 1924 783 1991 approbatio.
856 1924 1069 1974 Falsum
1097 1942 1219 1994 ergo
1249 1936 1358 1982 est,
1397 1943 1505 1975 non
1543 1944 1655 1976 esse

91 2009 209 2078 plus
235 2016 394 2079 quam
419 2011 742 2075 tripartitam
771 2011 1292 2080 argumentationem.

135 2100 138 2107 '
198 2098 372 2163 Atque
396 2111 455 2142 ex
480 2093 563 2143 his
593 2094 723 2143 illud
750 2096 853 2142 iam
881 2095 1216 2160 perspicuum
1245 2105 1337 2150 est,
1365 2110 1476 2143 esse
1491 2113 1653 2163 quan·

96 2180 216 2229 dam
253 2181 789 2249 argumentationem,
830 2181 883 2226 in
916 2189 1030 2247 'qua
1070 2195 1164 2226 nec
1203 2180 1527 2245 propositio,
1551 2196 1654 2228 ne-

95 2281 199 2332 que
230 2266 484 2312 assumtio
509 2263 742 2332 indigeat
767 2262 1183 2329 approbationis,
1223 2260 1552 2321 huiusmodi,
1594 2275 1656 2313 ut

97 2360 298 2397 certum
340 2347 622 2416 quiddam,
673 2359 724 2395 et
762 2346 950 2404 breve,
1007 2347 1226 2413 exempli
1273 2364 1454 2405 causa,
1493 2365 1652 2414 pona-

95 2449 242 2481 mus:
284 2433 382 2490 „Si
411 2449 616 2482 summo
643 2449 798 2500 opere
826 2434 1084 2499 sapientia
1112 2431 1335 2498 petenda
1364 2442 1469 2489 est,
1513 2450 1652 2482 sum-

96 2534 184 2566 mo
211 2534 366 2584 opere
393 2517 620 2566 stultitia
648 2519 862 2568 vitanda
888 2529 993 2576 est3
1061 2532 1265 2565 summo
1293 2527 1469 2564 autem
1498 2534 1653 2584 opere

96 2603 351 2668 sapientia
388 2601 612 2669 petenda
649 2614 758 2660 est3
809 2619 1015 2651 summo
1055 2603 1218 2670 igitur
1246 2618 1402 2668 opere
1426 2603 1653 2652 stultitia

96 2686 311 2735 vitanda
375 2694 523 2735 est.“
642 2689 738 2736 Hic
790 2699 842 2735 et
871 2687 1173 2741 assumtio,
1252 2697 1305 2734 et
1352 2689 1653 2753 propositio

95 2774 370 2838 perspicua
399 2783 494 2820 est.
573 2772 747 2836 Quare
775 2782 958 2820 neutra
983 2786 1196 2838 quoque
1232 2771 1432 2840 indiget
1467 2787 1651 2838 appro-
