1878 3198
276 269 940 318 RHETORICORUM
996 269 1157 314 Lm.
1213 271 1285 313 11.
1337 277 1388 323 4.
1433 279 1484 325 5.
1603 283 1706 338 279

216 381 229 401 Χ

134 435 452 493 ὶιόάιεεῐιιῐῐις
492 435 547 482 in
586 430 1090 489 deliberationibus,
1128 442 1190 480 ut
1227 448 1325 481 nos
1368 429 1704 488 arbitramur,

110 522 265 592 ¹quid
306 520 587 570 honestum
626 521 726 576 sit,
768 530 820 568 et
857 518 990 588 quid
1025 516 1171 567 utile.
1245 518 1380 567 Nam
1410 520 1567 566 ceteri
1607 518 1706 566 uti·

133 606 301 657 litatis
340 606 502 655 modo
541 603 705 654 finem
759 607 815 653 in
858 605 1129 655 suadendo
1168 617 1220 654 et
1253 607 1311 653 in
1349 602 1706 665 dissuadendo

134 693 329 759 exponi
368 703 610 758 oportere
649 689 891 740 arbitrati
929 702 1068 740 sunt,
1146 691 1388 756 Quorum
1422 690 1587 759 igitur
1612 705 1706 758 ge·

137 796 322 839 netum
360 774 496 826 fines
536 789 588 827 et
626 778 793 825 exitus
831 776 1028 826 div'ersi
1066 787 1219 834 sunt,
1284 781 1707 845 eorumqpraece÷

135 875 230 932 pta
257 864 438 913 eadem
477 879 589 911 esse
627 880 735 911 non
772 873 1015 929 possunt.
1089 862 1273 930 Neque
1311 877 1453 910 nuuc
1487 858 1592 908 hoc
1631 858 1707 908 di·

136 951 335 1007 cimus,
376 966 482 998 non
523 948 731 996 easdem
771 948 1001 997 incidere
1040 948 1473 1007 constitutione53
1523 962 1708 995 verun-

134 1046 312 1084 tamen
350 1035 524 1083 oratio
558 1033 839 1102 'quaedam
885 1049 944 1081 ex
990 1035 1107 1100 ipso
1157 1031 1265 1081 fine
1319 1049 1504 1081 causae
1542 1031 1708 1079 nasci-

135 1131 266 1179 tur,
293 1135 428 1188 quae
469 1121 730 1185 pertineat
759 1118 826 1167 ad
859 1120 1000 1168 vitae
1037 1118 1260 1167 alicuius
1302 1116 1707 1167 demonstratio-

137 1222 290 1266 nem,
332 1216 432 1253 aut
461 1204 525 1278 ad
565 1206 856 1253 sententiae
894 1204 1197 1254 dictionem.
1287 1204 1462 1270 Quare
1488 1202 1710 1250 nuncin

136 1290 460 1358 exponendis
499 1275 874 1338 eontioveisiis
899 1325 913 1347 ,
966 1291 1022 1337 in
1075 1288 1313 1339 iudiciali
1365 1304 1552 1358 genere
1592 1303 1710 1335 cau-

137 1377 314 1427 samm
354 1386 405 1424 et
444 1386 842 1448 praeceptorum
889 1373 1247 1433 versabi1nu13
1301 1391 1361 1422 ex
1399 1390 1505 1442 quo
1543 1372 1708 1439 pleia-

136 1479 242 1532 que
279 1463 336 1510 in
375 1471 544 1509 cetera
575 1472 795 1528 quoque
834 1476 1110 1508 causarum
1149 1477 1369 1529 genera,
1416 1457 1579 1507 simili
1614 1460 1708 1506 im

135 1548 332 1614 plicata
371 1547 763 1601 controversia,
826 1544 974 1593 nulla
1024 1562 1164 1592 eum>
1192 1542 1510 1594 difficultate·
1541 1555 1708 1592 trans-

137 1629 403 1696 fexjentur3
466 1642 587 1698 post
633 1640 810 1686 autem
855 1631 1140 1696 separatim
1187 1629 1252 1679 de
1301 1628 1521 1697 reliquis
1576 1628 1710 1684 dices

138 1734 274 1769 mus.

246 1813 296 1861 5.
336 1803 488 1852 Nunc
522 1801 587 1851 ab
619 1802 962 1852 coniecturali
995 1803 1378 1852 constitutione
1404 1797 1708 1868 proficisce-

137 1903 291 1946 mur;
342 1889 492 1936 cuius
533 1887 826 1955 exemplum
865 1890 933 1936 sit
968 1887 1442 1955 hoc-expositum}
1486 1888 1584 1943 „In
1626 1886 1710 1934 iti-

138 1989 263 2022 nere
300 1972 531 2040 quidam*
557 1971 983 2039 proficiscentem
1011 1973 1079 2023 ad
1106 1985 1395 2022 mercatum
1428 1971 1708 2041 quendam,

139 2068 194 2106 et
219 2074 396 2105 secum
431 2056 762 2125 aliquantum
797 2076 1135 2122 nummorum
1162 2057 1447 2114 ferentem,
1484 2069 1562 2106 est
1589 2073 1710 2104 con-

140 2154 413 2211 sequutus.
519 2145 649 2192 Cum
675 2142 837 2201 hoc„
858 2156 916 2193 ut
943 2141 1051 2192 fere
1077 2142 1170 2202 fit,
1223 2146 1279 2192 in
1306 2145 1389 2193 via
1415 2157 1710 2191 sermonem

140 2228 399 2277 contulit:
450 2245 510 2279 ex
548 2245 656 2296 quo
696 2226 895 2279 factum
922 2240 1028 2290 est,
1081 2240 1143 2278 ut
1190 2228 1325 2277 illud
1359 2229 1459 2275 iter
1487 2223 1709 2274 familia·

138 2315 250 2363 rius
286 2311 456 2361 facere
487 2312 698 2363 vellent}
769 2314 945 2379 Quare
964 2350 979 2372 ,
1021 2332 1186 2383 quum
1212 2316 1267 2362 in
1295 2313 1512 2362 eandem
1539 2310 1709 2360 taber·

138 2416 262 2447 nam
302 2399 680 2456 devenissent,
718 2398 876 2447 simul
914 2416 1162 2455 coenare,
1204 2399 1339 2447 etin
1376 2398 1562 2450 eodem
1587 2396 1707 2446 loco

140 2500 389 2532 somnum
427 2499 609 2549 capere
644 2484 942 2534 voluerunt.
1053 2484 1284 2532 Coenati
1320 2481 1708 2532 discubuerunt

139 2565 358 2617 ibidem.
404 2596 407 2599 Δ
433 2568 611 2634 Caupo
649 2580 825 2617 autem
869 2570 1026 2632 (nam
1056 2570 1131 2616 ita
1159 2568 1355 2617 dicitur
1378 2579 1500 2635 post
1528 2569 1708 2618 inven-

139 2663 286 2708 tum,
363 2671 528 2720 quum
575 2654 634 2700 in
675 2652 780 2713 alio
819 2651 1082 2702 maleficio
1134 2652 1490 2720 deprehensus
1542 2655 1712 2716 esset)

142 2754 306 2805 quum
331 2735 482 2785 illum
510 2737 731 2786 alterum
759 2738 1031 2795 videlicet,
1083 2739 1177 2806 qui
1205 2755 1447 2786 nummos
1472 2736 1710 2794 haberet,

145 2822 632 2874 animadvertisset:
671 2834 863 2882 noctu,
899 2834 1183 2892 postquam
1213 2821 1335 2873 illos
1365 2823 1597 2878 arctiuS,
1651 2831 1711 2870 ut
