1878 3198
14 97 16 101 >
3 0 43 82 Q*

244 267 708 319 RHETORIC.
746 271 849 315 DE
890 265 1212 318 INVENT.
1270 272 1307 317 Ι.
1346 282 1416 326 27.
1551 277 1649 337 165

92 431 499 481 interficere,
545 447 689 491 quam
731 446 803 474 ex
845 428 997 475 urbe
1038 429 1299 475 eiicere.
1376 429 1560 480 'Verum
1597 431 1652 475 in
1704 474 1711 478 ,

91 518 197 564 aliis
238 498 468 577 excomplis
511 530 559 561 et
601 532 659 560 ex
701 515 857 576 figura
899 514 1034 559 debet
1071 515 1361 576 comparatio
1404 515 1542 567 fieri,
1593 529 1652 561 ut

60 656 71 665 >,
90 605 245 649 maius
273 603 458 665 aliquid
486 603 710 647 minusve
743 602 1059 651 demonstres,
1102 596 1145 646 si
1175 600 1327 652 dicas,
1379 600 1506 645 illud
1534 614 1650 646 tunc

90 689 395 741 factumest,
445 688 521 734 ibi
563 671 741 733 factum
771 700 867 738 est,
923 688 989 731 ita
1033 686 1212 732 factum
1254 699 1344 737 est,
1400 700 1650 747 propterea

91 774 270 820 factum
301 760 393 824 est,
438 787 484 818 et
512 773 727 834 reliqua,
771 789 888 833 quae
930 773 984 817 in
1028 771 1275 818 elementis
1302 760 1651 834 principalibus

91 862 448 906 continentur.“
504 861 744 904 Hactenus
777 858 1072 907 Victorinus.

175 979 284 1036 Pag.
309 984 413 1030 225.
458 991 505 1020 v.
549 986 754 1018 10—12.
826 971 1047 1017 Simile
1086 985 1288 1016 autem
1331 988 1402 1016 ex
1443 973 1652 1033 specie

92 1058 551 1121 comparabili,
603 1071 707 1103 aut
747 1040 1243 1102 ex'conferenda
1284 1071 1474 1118 atque
1514 1057 1657 1102 assi-

2 1111 34 1190 ξ’
91 1145 362 1190 milanda
427 1134 652 1188 natura
718 1143 1053 1187 iudicatur
1102 1167 1159 1177 -
1237 1143 1315 1186 Sic
1366 1142 1548 1203 legitur
1597 1143 1656 1194 in

89 1212 233 1276 codd.
263 1231 483 1276 Oudend.
506 1228 781 1279 omnibus,
826 1245 897 1290 ap.
939 1228 1179 1279 Victorin.
1223 1228 1278 1272 it.
1319 1229 1372 1271 in
1404 1229 1507 1274 edd.
1538 1241 1654 1276 vett.
1714 1221 1717 1226 ⁵

94 1330 141 1362 et
171 1317 296 1378 apud
322 1319 582 1360 Auctorem
612 1303 682 1359 tle
722 1313 890 1359 locis
920 1300 1191 1358 Rhetors
1219 1331 1289 1374 ap.
1322 1315 1447 1359 Pith,
1479 1331 1525 1375 p.
1551 1327 1669 1370 277.-

44 1428 48 1429 ⁷
96 1420 167 1448 ex
216 1402 447 1463 specie
482 1399 899 1460 comparabili
960 1411 1065 1443 aut
1119 1399 1512 1444 conferenda
1567 1413 1654 1444 etc.

91 1486 210 1536 Non
253 1499 376 1538 erat,
430 1486 560 1547 quod
601 1484 893 1534 Lambinus,
938 1484 1009 1527 ed.
1043 1485 1374 1529 Manutianam
1413 1498 1654 1546 sequutus,

95 1585 376 1635 reponeret:
444 1569 669 1615 Simile
723 1581 928 1630 autem
979 1585 1050 1611 ex
1091 1569 1304 1629 specie
1350 1557 1659 1629 compara-¹

95 1658 250 1710 bili;
306 1646 729 1716 comparabile
770 1666 969 1698 autem
1013 1669 1084 1696 ex
1133 1653 1526 1712 confierenda
1581 1638 1656 1699 at-

95 1760 212 1806 que
256 1759 364 1788 ass.
406 1759 454 1786 n.
496 1740 833 1785 iudicatur.
916 1738 1164 1783 Ciceronis
1205 1755 1339 1782 mens
1383 1739 1513 1783 enim
1542 1740 1659 1785 haec

98 1844 194 1880 est,
238 1827 612 1874 similitudinem
639 1825 720 1870 vel
750 1841 809 1869 ex
838 1823 992 1886 specie
1030 1839 1191 1868 rerum
1229 1805 1444 1874 ex'terna,
1487 1823 1571 1871 vel
1600 1841 1660 1870 ex

19 1971 29 1977 ν
95 1916 282 1961 interna
312 1929 475 1960 earum
505 1925 667 1956 natura
698 1910 825 1954 duci.

108 2044 110 2046 v
182 2018 290 2076 Pag.
317 2022 416 2069 225.
445 2029 494 2059 v.
524 2023 594 2066 15.
656 2010 726 2055 ab
769 2026 835 2055 eo
875 2034 933 2046 —-
991 2009 1069 2055 Sic
1098 2009 1235 2057 Leid.
1268 2021 1308 2055 2.
1359 2009 1548 2070 vulgo:
1591 2010 1659 2056 ab

98 2101 342 2147 eodem.
1007 2110 1015 2116 ·

185 2202 296 2259 Pag.
331 2206 432 2254 225.
471 2214 519 2243 v.
548 2202 615 2255 14.
671 2194 1020 2256 plurimum
1062 2194 1262 2241 distat
1301 2177 1358 2228 ἒ-
1426 2195 1563 2239 Hanc
1600 2195 1663 2239 le-

103 2284 316 2329 ctionem
358 2283 460 2328 edd.
513 2295 558 2326 et
588 2282 723 2326 codd.
762 2280 1086 2342 plurimorum
1118 2281 1374 2326 confirmat
1402 2281 1659 2326 auctoritas

102 2369 258 2413 Instit.
303 2379 420 2412 orat.
454 2368 578 2428 apud
607 2366 730 2412 Pith.
761 2382 808 2427 p.
835 2379 934 2422 277.
980 2365 1211 2410 differt
1250 2365 1475 2427 praebent
1521 2367 1685 2414 VOSS..

106 2471 146 2499 1.
169 2434 218 2521 ⁴2..
248 2453 386 2498 Leid.
420 2471 460 2499 1.
505 2452 635 2512 quod
678 2468 763 2495 cur
789 2451 1118 2512 recipiendum
1149 2451 1389 2496 censuerit
1419 2450 1661 2501 Oudend„

106 2538 236 2583 haud
265 2553 510 2599 assequor..
573 2539 630 2580 In
659 2530 894 2584 Vossiano
926 2538 1032 2581 cod.
1076 2553 1116 2581 c.
1151 2535 1308 2581 Scho'l.
1338 2536 1517 2596 legitur
1546 2527 1665 2606 difss

108 2622 234 2668 fert
274 2637 341 2668 ut
381 2622 590 2681 frigus
633 2622 868 2674 calore,
909 2624 1048 2668 vita
1089 2637 1283 2667 mors.

189 2739 298 2797 Pag.
337 2745 434 2791 225.
476 2752 523 2781 v.
565 2746 630 2791 ¹5·
700 2737 1113 2798 Disparatum
1172 2747 1373 2780 autem
1415 2758 1473 2769 -—
1542 2734 1662 2795 Cod.
1725 2742 1728 2744 ’

107 2822 245 2867 Leid.
289 2835 329 2866 2.
372 2837 471 2867 non
512 2821 655 2879 habet
694 2835 925 2872 autem,
983 2821 1114 2883 quod
1166 2834 1275 2865 sane
1328 2821 1494 2866 omitti
1540 2831 1667 2865 recto
