1924 3224
58 822 69 862 Ι

658 209 1096 254 CAPUT
1213 211 1261 253 Ι.
1683 211 1757 256 XI

197 389 323 447 est,
379 373 750 443 Ciceronem
780 371 1095 431 Herennii
1127 370 1546 456 definitiones
1580 373 1759 432 dein-

198 510 339 569 ceps
399 489 641 568 positas
702 509 820 566 pro
873 487 1151 547 consilio
1208 508 1325 547 suo
1370 488 1759 566 dispersisse,

198 623 389 685 quam
423 604 616 662 illum
657 604 849 662 huius
892 624 1002 682 per
1046 604 1230 682 plura
1267 603 1471 681 capita
1518 624 1760 682 sparsas

195 717 613 781 definitiones
641 719 713 776 in
737 739 941 776 unum
968 720 1186 777 locum
1215 719 1571 806 collegisse.

321 834 770 892 Herennianus
803 839 850 892 Ι.
886 852 941 905 3.
988 853 1216 914 genera
1247 854 1579 892 causarum
1611 856 1762 912 qua·-
1797 851 1799 855 ’

195 963 341 1008 tuor
371 947 560 1007 facit:
621 950 995 1019 honestum,
1045 962 1260 1024 turpe,
1310 949 1599 1022 dubium,
1643 952 1761 1008 hu-

140 1067 144 1078 “
192 1064 364 1121 mile.
437 1065 654 1119 Cicero
689 1061 972 1139 quinque
1000 1061 1218 1137 ponit:
1257 1061 1619 1136 honestum,
1653 1066 1761 1123 ad-

193 1176 515 1247 mirabile,
583 1176 862 1247 humile,
923 1195 1183 1254 anceps,
1245 1177 1606 1236 obscurum.
1697 1180 1762 1238 Si

192 1290 643 1350 Herennianus
698 1311 732 1348 e
785 1289 1088 1348 Cicerone
1139 1291 1484 1364 hausisset,
1560 1315 1671 1351 cur
1729 1316 1762 1352 e

193 1406 479 1486 quinque
543 1405 643 1463 his
720 1405 1056 1485 generibus
1124 1427 1329 1464 unum
1393 1408 1761 1467 omitteret?

194 1527 427 1580 Contra
482 1520 537 1578 si
591 1520 962 1578 Ciceronem
1012 1520 1212 1579 libros
1258 1523 1635 1583 Rhetoricos
1680 1525 1759 1583 ad

196 1635 597 1695 Herennium
634 1635 803 1692 inter
845 1649 1114 1707 ceterOS,
1138 1673 1140 1675 >
1165 1657 1197 1694 e
1237 1634 1466 1713 quibus
1506 1660 1755 1715 praece-

194 1767 301 1830 pta
331 1772 443 1810 sua
472 1750 799 1821 derivaret,
843 1750 1205 1809 adhibuisse
1233 1773 1547 1829 ponamus
1567 1799 1581 1825 ,
1616 1776 1755 1813 non

195 1880 292 1925 est
320 1865 706 1937 mirandum,
746 1885 890 1922 eum
921 1881 1193 1942 quatuor
1223 1867 1561 1946 generibus
1589 1869 1753 1945 apud
1786 1869 1788 1873 ’
1831 1845 1840 1854 ’

195 1979 386 2038 illum
411 1979 672 2057 repertis
702 1980 1000 2058 quintum
1026 1981 1255 2039 'addere
1280 1981 1581 2040 voluisse.
1782 1963 1786 1966 Δ

310 2099 388 2152 In
415 2094 762 2172 praeceptis
793 2095 869 2152 de
901 2095 1161 2153 exordio
1177 2096 1593 2155 Herenniano
1626 2103 1674 2155 Ι.
1694 2115 1752 2171 4.

194 2206 325 2266 fere
361 2208 596 2286 ubique
643 2229 787 2266 cum
842 2209 1145 2267 Cicerone
1192 2215 1238 2267 I.
1292 2227 1385 2280 15.
1433 2212 1756 2281 convenit,

192 2322 325 2380 nisi
363 2324 534 2400 quod
562 2324 665 2381 hic
708 2338 1092 2383 structuram
1139 2325 1447 2384 orationis
1484 2327 1755 2404 plerum-

194 2457 316 2514 que
342 2437 562 2510 variat,
617 2438 863 2516 saepius
892 2439 965 2496 ab
997 2439 1115 2496 illo
1148 2440 1314 2497 dicta
1344 2439 1597 2499 brevius
1630 2443 1759 2500 elo·

177 2535 445 2629 quitur,
537 2551 874 2630 aliquoties
934 2554 1242 2630 quaedam
1314 2554 1520 2626 addit,
1596 2576 1755 2634 quae

198 2666 363 2743 apud
419 2665 607 2723 illum
662 2667 832 2724 haud
892 2668 1311 2745 reperiuntur.
1417 2670 1753 2727 Interdum

199 2793 294 2837 ost
336 2781 551 2839 eadem
593 2781 931 2840 verborum
973 2784 1139 2861 apud
1171 2798 1510 2864 utrumque
1539 2784 1749 2844 serieS.
