1878 3198
294 203 730 270 RHETomc.
770 203 871 247 DE
915 180 1236 253 INVFLNT.
1298 208 1358 250 11.
1399 215 1469 261 51.
1564 210 1666 268 265

733 358 885 436 Capi.
938 376 1046 421 LI.

188 493 297 551 Pag.
327 498 433 565 5493
463 507 510 536 v.
534 500 579 546 5.
635 491 968 535 Definitio
1021 514 1088 554 ·--·
1135 490 1184 536 h.
1228 507 1269 535 e.
1332 503 1528 551 quartus
1569 507 1669 536 mo-

105 577 190 621 dus
223 576 573 639 controversiae
602 577 655 620 in
685 563 890 637 scripto,
935 592 1055 638 quae
1085 558 1158 620 'ex
1199 576 1483 621 definitione
1523 576 1672 621 nasci-

104 675 198 707 tur.
247 662 320 707 Cf.
352 679 391 707 c.
423 670 493 717 4ο.
524 662 648 708 init.»
995 651 1002 658 ⁵

186 752 296 809 Pag.
321 757 421 807 549.
466 766 514 793 v.
543 757 610 804 14.
676 749 1101 810 applicarunt
1140 775 1199 784 -
1267 753 1403 795 Hanc
1445 750 1670 802 formam,

98 850 218 895 quae
262 834 410 878 estin
457 835 560 893 (30(1.Δ
590 836 729 882 Voss.
776 851 814 878 c.
860 835 1036 886 Schol„
1090 850 1280 880 auctore
1316 836 1668 897 Oudendorpio

99 919 319 980 vulgatae
363 937 385 962 a
403 919 860 980 pplicaverunt
889 920 1117 981 praetuli,
1152 934 1206 965 ut
1235 921 1482 967 tolleretur
1512 923 1671 984 ingra-

100 1019 176 1050 tus
208 1006 516 1066 repetitarum
551 1006 840 1066 syllabarum
872 1020 1057 1051 erunt
1100 1024 1260 1053 sonus.

186 1075 295 1152 Pag.
320 1101 419 1150 549.
454 1109 501 1137 v.
530 1108 682 1152 19.20.
715 1095 925 1139 navim
955 1118 1013 1127 —
1040 1119 1098 1126 —-
1126 1094 1580 1138 moderaretur
1613 1118 1714 1153 -‚

98 1178 246 1222 navi
291 1191 360 1222 est
397 1179 451 1222 in
495 1180 631 1223 codd.
681 1181 912 1231 Gronov„
946 1180 1050 1224 cod.
1082 1181 1218 1227 Voss.
1251 1195 1289 1225 c,
1322 1180 1498 1231 Schol„
1528 1181 1667 1228 Voss.

99 1281 139 1308 ι.
170 1277 230 1314 2.,
260 1264 397 1310 Leid.
429 1277 486 1320 5.,
521 1265 592 1308 ed.
625 1265 825 1309 Omnib.

183 1354 293 1411 Pag.
324 1359 437 1410 549.
470 1368 517 1394 v.
547 1363 620 1395 20.
650 1363 720 1394 21.
768 1350 888 1394 ille
931 1365 1162 1401 autem,
1206 1353 1391 1396 cuius
1438 1367 1672 1396 merces

76 1449 306 1499 erant,
363 1435 429 1477 in
495 1435 777 1495 gladium
844 1434 1082 1504 ibidem
1144 1437 1558 1481 incumberet
1611 1461 1671 1470 —-

96 1520 260 1580 Vulgo
306 1519 554 1564 edebatur:
618 1520 682 1562 in
738 1519 1025 1579 gladium
1086 1521 1150 1565 in
1207 1522 1359 1566 navi
1424 1522 1669 1567 ibidem

95 1605 531 1651 incumberet.
612 1606 703 1650 Sed
743 1606 809 1650 in
859 1606 1010 1651 navi
1052 1589 1183 1651 abest
1225 1624 1251 1650 a
1295 1607 1397 1651 cod.
1444 1608 1583 1657 Voss.
1629 1623 1668 1652 e.

96 1693 272 1743 Schol„
302 1695 393 1736 Ms.
422 1692 576 1742 Leid„
603 1705 649 1735 et
676 1705 745 1736 est
771 1693 1078 1738 manifestum
1107 1696 1198 1737 τοῢ
1232 1692 1370 1736 ibid
1389 1709 1498 1743 em,
1539 1693 1670 1737 idem

96 1792 255 1824 tamen
286 1796 457 1823 verum
491 1795 682 1838 quoque
711 1779 1209 1838 interpretamentum.
1268 1780 1392 1823 Nam
1422 1778 1669 1822 ibidem

94 1882 194 1910 non
246 1865 303 1909 ad
351 1865 667 1925 scapham,
725 1865 805 1909 sed
857 1865 912 1908 ad
956 1853 1168 1910 na‘v‘im
1222 1864 1525 1908 referendum
1580 1878 1665 1910 est.

96 1954 152 1994 In
195 1951 298 2012 ipsa
337 1951 452 1995 navi
495 1951 718 1995 dominus
761 1951 994 1996 mercium
1019 1955 1020 1958 ’
1044 1966 1184 2011 super
1215 1949 1454 1995 mercibus
1487 1950 1582 1996 suis
1612 1951 1668 1994 in

96 2035 313 2098 gladium
354 2036 605 2086 incubuit;
650 2051 735 2078 cur
778 2036 936 2084 enim,
973 2036 1016 2080 si
1047 2053 1157 2080 eum
1191 2037 1318 2081 vitae
1353 2022 1582 2087 taederet,
1613 2038 1668 2081 in

97 2123 319 2182 scapham
365 2136 498 2166 antea
540 2119 857 2181 confugeret?
918 2121 1083 2166 Falsus
1125 2122 1277 2182 igitur
1318 2136 1415 2168 erat
1455 2123 1664 2173 Ernesti,

99 2225 249 2268 quum
294 2221 508 2268 putaret,
563 2207 882 2251 necessarium
925 2223 1022 2252 esse
1066 2208 1134 2252 sic
1177 2207 1478 2268 intelligere,
1520 2209 1668 2267 'quasi
1718 2211 1725 2223 Χ

91 2293 176 2337 hic
208 2309 399 2353 qnoque
429 2294 481 2336 iu
513 2293 733 2353 scapham
765 2293 1062 2353 confugerit,
1095 2294 1206 2354 quia
1232 2293 1369 2337 aliter
1394 2294 1448 2336 in
1477 2295 1667 2359 actione

89 2379 215 2441 legis
246 2396 345 2424 non
376 2379 590 2439 potuerit
620 2379 784 2437 navim
822 2378 1077 2438 reliquisse
1128 2379 1255 2429 dici;
1301 2380 1437 2438 quasi
1466 2366 1534 2430 is',
1579 2379 1668 2440 qui

90 2481 140 2510 se
170 2465 402 2510 occiderit
442 2467 496 2506 in
527 2464 667 2514 navi,
699 2479 797 2508 non
834 2477 958 2508 recte
990 2464 1176 2508 dicatur
1204 2464 1367 2508 navim
1398 2463 1666 2525 reliquisse.

90 2531 194 2596 Nec
238 2567 502 2610 provocare
559 2549 759 2593 debebat
799 2549 990 2592 Ernesti
1044 2548 1311 2594 ad‘locum
1355 2550 1566 2594 similem
1607 2551 1668 2594 ad.

90 2638 302 2680 Herenn.
346 2640 381 2680 I.
417 2654 484 2680 11.
530 2653 635 2679 nam
679 2635 753 2679 ibi
794 2648 1014 2695 aegrotus
1059 2651 1184 2679 unus
1227 2648 1385 2678 manet
1426 2635 1483 2706 in
1532 2635 1663 2684 navi,

87 2737 182 2765 nec
210 2722 392 2767 mentio
424 2723 486 2766 fit
514 2721 740 2771 alicuius,
775 2723 860 2781 qui
889 2721 942 2764 in
974 2720 1190 2779 gladium
1221 2720 1513 2765 incubuerit.
