<?xml version="1.0" encoding="UTF-8"?>
<!DOCTYPE html PUBLIC "-//W3C//DTD XHTML 1.0 Transitional//EN"
    "http://www.w3.org/TR/xhtml1/DTD/xhtml1-transitional.dtd">
<html xmlns="http://www.w3.org/1999/xhtml" xml:lang="en" lang="en">
 <head>
  <title>
</title>
<meta http-equiv="Content-Type" content="text/html;charset=utf-8" />
  <meta name='ocr-system' content='tesseract 3.04.00' />
  <meta name='ocr-capabilities' content='ocr_page ocr_carea ocr_par ocr_line ocrx_word'/>
</head>
<body>
  <div class='ocr_page' id='page_1' title='image "./p1selectedworkso01ciceuoft_0155.png"; bbox 0 0 1924 3224; ppageno 0'>
   <div class='ocr_carea' id='block_1_1' title="bbox 241 222 1710 300">
    <p class='ocr_par' dir='ltr' id='par_1_1' title="bbox 241 222 1710 300">
     <span class='ocr_line' id='line_1_1' title="bbox 241 222 1710 300; baseline -0.005 -30"><span class='ocrx_word' id='word_1_1' title='bbox 241 226 341 270; x_wconf 78' lang='lat' dir='ltr'><strong>AD</strong></span> <span class='ocrx_word' id='word_1_2' title='bbox 397 223 896 272; x_wconf 77' lang='lat' dir='ltr'>HERENNIUM</span> <span class='ocrx_word' id='word_1_3' title='bbox 952 224 1114 269; x_wconf 83' lang='lat' dir='ltr'><strong>LIB.</strong></span> <span class='ocrx_word' id='word_1_4' title='bbox 1170 222 1290 266; x_wconf 88' lang='lat'>111.</span> <span class='ocrx_word' id='word_1_5' title='bbox 1336 236 1535 281; x_wconf 77' lang='lat'>12.15.</span> <span class='ocrx_word' id='word_1_6' title='bbox 1601 246 1710 300; x_wconf 55' lang='grc'><strong>9,,</strong></span> 
     </span>
    </p>
   </div>
   <div class='ocr_carea' id='block_1_2' title="bbox 127 383 1697 2846">
    <p class='ocr_par' dir='ltr' id='par_1_2' title="bbox 127 383 1697 1394">
     <span class='ocr_line' id='line_1_2' title="bbox 127 383 1692 446; baseline -0.003 -6"><span class='ocrx_word' id='word_1_7' title='bbox 127 390 301 440; x_wconf 72' lang='lat' dir='ltr'><strong>Acuta</strong></span> <span class='ocrx_word' id='word_1_8' title='bbox 337 386 644 437; x_wconf 82' lang='lat' dir='ltr'><strong>exclamatio</strong></span> <span class='ocrx_word' id='word_1_9' title='bbox 680 402 869 438; x_wconf 84' lang='lat' dir='ltr'><strong>vocem·</strong></span> <span class='ocrx_word' id='word_1_10' title='bbox 902 397 954 436; x_wconf 87' lang='lat' dir='ltr'><strong>et</strong></span> <span class='ocrx_word' id='word_1_11' title='bbox 990 383 1167 436; x_wconf 85' lang='lat' dir='ltr'>fauces</span> <span class='ocrx_word' id='word_1_12' title='bbox 1198 385 1470 446; x_wconf 56' lang='lat' dir='ltr'><strong>vulneram</strong></span> <span class='ocrx_word' id='word_1_13' title='bbox 1510 386 1692 437; x_wconf 86' lang='lat' dir='ltr'><strong>eadem</strong></span> 
     </span>
     <span class='ocr_line' id='line_1_3' title="bbox 127 471 1691 569; baseline -0.002 -44"><span class='ocrx_word' id='word_1_14' title='bbox 127 475 295 525; x_wconf 78' lang='lat' dir='ltr'><strong>laedit</strong></span> <span class='ocrx_word' id='word_1_15' title='bbox 331 474 645 524; x_wconf 81' lang='lat' dir='ltr'><strong>auditorem.</strong></span> <span class='ocrx_word' id='word_1_16' title='bbox 738 471 910 522; x_wconf 85' lang='lat' dir='ltr'><strong>Habet</strong></span> <span class='ocrx_word' id='word_1_17' title='bbox 945 474 1087 522; x_wconf 87' lang='lat' dir='ltr'><strong>enim</strong></span> <span class='ocrx_word' id='word_1_18' title='bbox 1125 472 1380 569; x_wconf 48' lang='lat' dir='ltr'><strong>quiddam</strong></span> <span class='ocrx_word' id='word_1_19' title='bbox 1417 471 1691 532; x_wconf 84' lang='lat' dir='ltr'><strong>illiberale,</strong></span> 
     </span>
     <span class='ocr_line' id='line_1_4' title="bbox 129 538 1696 627; baseline -0.001 -17"><span class='ocrx_word' id='word_1_20' title='bbox 129 572 184 610; x_wconf 87' lang='lat' dir='ltr'><strong>et</strong></span> <span class='ocrx_word' id='word_1_21' title='bbox 220 560 288 610; x_wconf 84' lang='lat' dir='ltr'><strong>ad</strong></span> <span class='ocrx_word' id='word_1_22' title='bbox 324 538 636 608; x_wconf 80' lang='lat' dir='ltr'><strong>muliebrem</strong></span> <span class='ocrx_word' id='word_1_23' title='bbox 675 560 854 625; x_wconf 85' lang='lat' dir='ltr'><strong>potius</strong></span> <span class='ocrx_word' id='word_1_24' title='bbox 905 556 1369 616; x_wconf 68' lang='lat' dir='ltr'><strong>vociferationem,</strong></span> <span class='ocrx_word' id='word_1_25' title='bbox 1431 577 1591 627; x_wconf 83' lang='lat' dir='ltr'><strong>quam</strong></span> <span class='ocrx_word' id='word_1_26' title='bbox 1628 558 1696 608; x_wconf 88' lang='lat' dir='ltr'><strong>ad</strong></span> 
     </span>
     <span class='ocr_line' id='line_1_5' title="bbox 128 643 1693 715; baseline -0.002 -19"><span class='ocrx_word' id='word_1_27' title='bbox 128 645 336 698; x_wconf 82' lang='lat' dir='ltr'><strong>virilem</strong></span> <span class='ocrx_word' id='word_1_28' title='bbox 375 645 689 715; x_wconf 82' lang='lat' dir='ltr'><strong>dignitatem</strong></span> <span class='ocrx_word' id='word_1_29' title='bbox 727 646 784 693; x_wconf 91' lang='lat' dir='ltr'><strong>in</strong></span> <span class='ocrx_word' id='word_1_30' title='bbox 821 643 1046 694; x_wconf 85' lang='lat' dir='ltr'><strong>diceudo</strong></span> <span class='ocrx_word' id='word_1_31' title='bbox 1084 644 1555 709; x_wconf 81' lang='lat' dir='ltr'><strong>accommodatum.</strong></span> <span class='ocrx_word' id='word_1_32' title='bbox 1631 645 1693 693; x_wconf 89' lang='lat' dir='ltr'><strong>In</strong></span> 
     </span>
     <span class='ocr_line' id='line_1_6' title="bbox 131 729 1690 787; baseline -0.001 -6"><span class='ocrx_word' id='word_1_33' title='bbox 131 743 362 781; x_wconf 85' lang='lat' dir='ltr'><strong>extrema</strong></span> <span class='ocrx_word' id='word_1_34' title='bbox 411 732 654 781; x_wconf 80' lang='lat' dir='ltr'><strong>orat-ione</strong></span> <span class='ocrx_word' id='word_1_35' title='bbox 701 731 972 780; x_wconf 83' lang='lat' dir='ltr'><strong>continens</strong></span> <span class='ocrx_word' id='word_1_36' title='bbox 1025 745 1127 779; x_wconf 84' lang='lat' dir='ltr'><strong>vox</strong></span> <span class='ocrx_word' id='word_1_37' title='bbox 1159 729 1397 787; x_wconf 82' lang='lat' dir='ltr'><strong>remedio</strong></span> <span class='ocrx_word' id='word_1_38' title='bbox 1437 741 1516 781; x_wconf 90' lang='lat' dir='ltr'><strong>est</strong></span> <span class='ocrx_word' id='word_1_39' title='bbox 1553 730 1690 780; x_wconf 87' lang='lat' dir='ltr'><strong>voci.</strong></span> 
     </span>
     <span class='ocr_line' id='line_1_7' title="bbox 132 806 1695 883; baseline 0 -19"><span class='ocrx_word' id='word_1_40' title='bbox 132 817 276 883; x_wconf 85' lang='lat' dir='ltr'><strong>Quid</strong></span> <span class='ocrx_word' id='word_1_41' title='bbox 289 814 336 865; x_wconf 72' lang='lat'><strong>‘2&#39;</strong></span> <span class='ocrx_word' id='word_1_42' title='bbox 368 814 499 866; x_wconf 89' lang='lat' dir='ltr'><strong>haec</strong></span> <span class='ocrx_word' id='word_1_43' title='bbox 530 816 713 864; x_wconf 81' lang='lat' dir='ltr'><strong>eadem</strong></span> <span class='ocrx_word' id='word_1_44' title='bbox 750 832 927 865; x_wconf 88' lang='lat' dir='ltr'><strong>nonne</strong></span> <span class='ocrx_word' id='word_1_45' title='bbox 963 816 1199 863; x_wconf 89' lang='lat' dir='ltr'><strong>animum</strong></span> <span class='ocrx_word' id='word_1_46' title='bbox 1235 806 1695 864; x_wconf 65' lang='lat' dir='ltr'><strong>vehementissime</strong></span> 
     </span>
     <span class='ocr_line' id='line_1_8' title="bbox 131 898 1695 958; baseline 0 -7"><span class='ocrx_word' id='word_1_47' title='bbox 131 898 372 951; x_wconf 85' lang='lat' dir='ltr'><strong>calefacit</strong></span> <span class='ocrx_word' id='word_1_48' title='bbox 409 901 699 958; x_wconf 83' lang='lat' dir='ltr'><strong>auditoris,</strong></span> <span class='ocrx_word' id='word_1_49' title='bbox 762 902 820 948; x_wconf 92' lang='lat' dir='ltr'><strong>in</strong></span> <span class='ocrx_word' id='word_1_50' title='bbox 871 900 1053 951; x_wconf 86' lang='lat' dir='ltr'><strong>totius.</strong></span> <span class='ocrx_word' id='word_1_51' title='bbox 1090 899 1432 950; x_wconf 85' lang='lat' dir='ltr'><strong>conclusione</strong></span> <span class='ocrx_word' id='word_1_52' title='bbox 1470 899 1695 951; x_wconf 67' lang='lat' dir='ltr'><strong>causae?</strong></span> 
     </span>
     <span class='ocr_line' id='line_1_9' title="bbox 131 980 1696 1057; baseline 0 -21"><span class='ocrx_word' id='word_1_53' title='bbox 131 987 404 1052; x_wconf 79' lang='lat' dir='ltr'><strong>Quoniam</strong></span> <span class='ocrx_word' id='word_1_54' title='bbox 451 987 616 1057; x_wconf 82' lang='lat' dir='ltr'><strong>igitur</strong></span> <span class='ocrx_word' id='word_1_55' title='bbox 662 1002 745 1035; x_wconf 89' lang='lat' dir='ltr'><strong>res</strong></span> <span class='ocrx_word' id='word_1_56' title='bbox 801 986 1013 1036; x_wconf 83' lang='lat' dir='ltr'><strong>eaedem</strong></span> <span class='ocrx_word' id='word_1_57' title='bbox 1045 987 1191 1036; x_wconf 86' lang='lat' dir='ltr'><strong>vocis</strong></span> <span class='ocrx_word' id='word_1_58' title='bbox 1230 980 1600 1046; x_wconf 74' lang='lat' dir='ltr'><strong>firmitudini‚&#39;</strong></span> <span class='ocrx_word' id='word_1_59' title='bbox 1642 996 1696 1036; x_wconf 84' lang='lat' dir='ltr'><strong>et</strong></span> 
     </span>
     <span class='ocr_line' id='line_1_10' title="bbox 128 1069 1694 1140; baseline 0 -20"><span class='ocrx_word' id='word_1_60' title='bbox 128 1073 580 1140; x_wconf 86' lang='lat' dir='ltr'><strong>pronuntiationis</strong></span> <span class='ocrx_word' id='word_1_61' title='bbox 608 1072 858 1122; x_wconf 85' lang='lat' dir='ltr'><strong>suavitati</strong></span> <span class='ocrx_word' id='word_1_62' title='bbox 891 1082 1145 1136; x_wconf 81' lang='lat' dir='ltr'><strong>prosunt,</strong></span> <span class='ocrx_word' id='word_1_63' title='bbox 1199 1069 1262 1126; x_wconf 88' lang='lat' dir='ltr'><strong>de</strong></span> <span class='ocrx_word' id='word_1_64' title='bbox 1297 1083 1523 1139; x_wconf 84' lang='lat' dir='ltr'><strong>utraque</strong></span> <span class='ocrx_word' id='word_1_65' title='bbox 1548 1088 1604 1120; x_wconf 88' lang='lat' dir='ltr'><strong>re</strong></span> <span class='ocrx_word' id='word_1_66' title='bbox 1629 1073 1694 1121; x_wconf 89' lang='lat' dir='ltr'><strong>si-</strong></span> 
     </span>
     <span class='ocr_line' id='line_1_11' title="bbox 129 1151 1697 1224; baseline 0 -19"><span class='ocrx_word' id='word_1_67' title='bbox 129 1156 244 1205; x_wconf 88' lang='lat' dir='ltr'><strong>mul</strong></span> <span class='ocrx_word' id='word_1_68' title='bbox 274 1158 455 1205; x_wconf 84' lang='lat' dir='ltr'><strong>eritin</strong></span> <span class='ocrx_word' id='word_1_69' title='bbox 478 1158 775 1223; x_wconf 87' lang='lat' dir='ltr'><strong>praesentia</strong></span> <span class='ocrx_word' id='word_1_70' title='bbox 799 1155 1030 1213; x_wconf 87' lang='lat' dir='ltr'><strong>dictum,</strong></span> <span class='ocrx_word' id='word_1_71' title='bbox 1070 1155 1134 1204; x_wconf 89' lang='lat' dir='ltr'><strong>de</strong></span> <span class='ocrx_word' id='word_1_72' title='bbox 1161 1151 1520 1214; x_wconf 82' lang='lat' dir='ltr'><strong>firmitudine,</strong></span> <span class='ocrx_word' id='word_1_73' title='bbox 1561 1173 1697 1224; x_wconf 86' lang='lat' dir='ltr'><strong>quae</strong></span> 
     </span>
     <span class='ocr_line' id='line_1_12' title="bbox 128 1225 1691 1310; baseline -0.001 -16"><span class='ocrx_word' id='word_1_74' title='bbox 128 1242 244 1294; x_wconf 84' lang='lat' dir='ltr'><strong>visa</strong></span> <span class='ocrx_word' id='word_1_75' title='bbox 281 1253 434 1299; x_wconf 86' lang='lat' dir='ltr'><strong>sunt,</strong></span> <span class='ocrx_word' id='word_1_76' title='bbox 506 1225 578 1292; x_wconf 26' lang='lat' dir='ltr'><strong>de*</strong></span> <span class='ocrx_word' id='word_1_77' title='bbox 609 1243 894 1300; x_wconf 83' lang='lat' dir='ltr'><strong>suavitate,</strong></span> <span class='ocrx_word' id='word_1_78' title='bbox 955 1257 1090 1310; x_wconf 87' lang='lat' dir='ltr'><strong>quae</strong></span> <span class='ocrx_word' id='word_1_79' title='bbox 1128 1243 1412 1291; x_wconf 88' lang='lat' dir='ltr'><strong>coniuncta</strong></span> <span class='ocrx_word' id='word_1_80' title='bbox 1447 1238 1691 1293; x_wconf 84' lang='lat' dir='ltr'><strong>fuerunt:</strong></span> 
     </span>
     <span class='ocr_line' id='line_1_13' title="bbox 131 1321 1545 1394; baseline -0.001 -17"><span class='ocrx_word' id='word_1_81' title='bbox 131 1338 303 1378; x_wconf 88' lang='lat' dir='ltr'><strong>cetera</strong></span> <span class='ocrx_word' id='word_1_82' title='bbox 340 1343 437 1377; x_wconf 91' lang='lat' dir='ltr'><strong>suo</strong></span> <span class='ocrx_word' id='word_1_83' title='bbox 475 1325 594 1377; x_wconf 87' lang='lat' dir='ltr'><strong>loco</strong></span> <span class='ocrx_word' id='word_1_84' title='bbox 631 1325 791 1394; x_wconf 84' lang='lat' dir='ltr'><strong>paulo</strong></span> <span class='ocrx_word' id='word_1_85' title='bbox 829 1336 953 1393; x_wconf 89' lang='lat' dir='ltr'><strong>post</strong></span> <span class='ocrx_word' id='word_1_86' title='bbox 990 1327 1241 1376; x_wconf 76' lang='lat' dir='ltr'><strong>dicemus,</strong></span> <span class='ocrx_word' id='word_1_87' title='bbox 1528 1321 1545 1337; x_wconf 84' lang='lat'><em>&#39;</em></span> 
     </span>
    </p>

    <p class='ocr_par' dir='ltr' id='par_1_3' title="bbox 127 1411 1696 2846">
     <span class='ocr_line' id='line_1_14' title="bbox 242 1411 1696 1482; baseline 0.001 -21"><span class='ocrx_word' id='word_1_88' title='bbox 242 1424 323 1471; x_wconf 81' lang='lat'><strong>13.</strong></span> <span class='ocrx_word' id='word_1_89' title='bbox 361 1411 741 1462; x_wconf 90' lang='lat' dir='ltr'><strong>Mollitudo</strong></span> <span class='ocrx_word' id='word_1_90' title='bbox 790 1413 953 1482; x_wconf 86' lang='lat' dir='ltr'><strong>igitur</strong></span> <span class='ocrx_word' id='word_1_91' title='bbox 987 1413 1164 1470; x_wconf 88' lang='lat' dir='ltr'><strong>vocis,</strong></span> <span class='ocrx_word' id='word_1_92' title='bbox 1228 1413 1484 1480; x_wconf 84' lang='lat' dir='ltr'><strong>quoniam</strong></span> <span class='ocrx_word' id='word_1_93' title='bbox 1523 1413 1696 1462; x_wconf 86' lang='lat' dir='ltr'><strong>omnis</strong></span> 
     </span>
     <span class='ocr_line' id='line_1_15' title="bbox 129 1496 1691 1567; baseline -0.001 -20"><span class='ocrx_word' id='word_1_94' title='bbox 129 1497 199 1548; x_wconf 87' lang='lat' dir='ltr'><strong>ad</strong></span> <span class='ocrx_word' id='word_1_95' title='bbox 234 1496 463 1547; x_wconf 87' lang='lat' dir='ltr'><strong>rhetoris</strong></span> <span class='ocrx_word' id='word_1_96' title='bbox 499 1498 926 1564; x_wconf 83' lang='lat' dir='ltr'><strong>praeceptionem</strong></span> <span class='ocrx_word' id='word_1_97' title='bbox 962 1499 1222 1564; x_wconf 85' lang='lat' dir='ltr'><strong>pertinet,</strong></span> <span class='ocrx_word' id='word_1_98' title='bbox 1264 1498 1569 1567; x_wconf 88' lang='lat' dir='ltr'><strong>diligentius</strong></span> <span class='ocrx_word' id='word_1_99' title='bbox 1600 1513 1691 1546; x_wconf 84' lang='lat' dir='ltr'><strong>no-</strong></span> 
     </span>
     <span class='ocr_line' id='line_1_16' title="bbox 127 1581 1693 1635; baseline -0.001 -3"><span class='ocrx_word' id='word_1_100' title='bbox 127 1581 213 1632; x_wconf 91' lang='lat' dir='ltr'><strong>bis</strong></span> <span class='ocrx_word' id='word_1_101' title='bbox 263 1582 643 1635; x_wconf 86' lang='lat' dir='ltr'><strong>consideranda</strong></span> <span class='ocrx_word' id='word_1_102' title='bbox 692 1593 786 1631; x_wconf 90' lang='lat' dir='ltr'><strong>est.</strong></span> <span class='ocrx_word' id='word_1_103' title='bbox 873 1585 1007 1631; x_wconf 86' lang='lat' dir='ltr'><strong>Eam</strong></span> <span class='ocrx_word' id='word_1_104' title='bbox 1057 1582 1343 1634; x_wconf 90' lang='lat' dir='ltr'><strong>dividimus</strong></span> <span class='ocrx_word' id='word_1_105' title='bbox 1391 1584 1448 1630; x_wconf 93' lang='lat' dir='ltr'><strong>in</strong></span> <span class='ocrx_word' id='word_1_106' title='bbox 1499 1598 1693 1634; x_wconf 76' lang='lat' dir='ltr'><strong>sermo-</strong></span> 
     </span>
     <span class='ocr_line' id='line_1_17' title="bbox 130 1664 1694 1734; baseline -0.001 -18"><span class='ocrx_word' id='word_1_107' title='bbox 130 1685 280 1725; x_wconf 89' lang='lat' dir='ltr'><strong>nem,</strong></span> <span class='ocrx_word' id='word_1_108' title='bbox 324 1669 747 1725; x_wconf 83' lang='lat' dir='ltr'><strong>contentionem,</strong></span> <span class='ocrx_word' id='word_1_109' title='bbox 788 1664 1269 1734; x_wconf 80' lang='lat' dir='ltr'><strong>amplificationem.</strong></span> <span class='ocrx_word' id='word_1_110' title='bbox 1346 1669 1574 1718; x_wconf 87' lang='lat' dir='ltr'><strong>Sermo</strong></span> <span class='ocrx_word' id='word_1_111' title='bbox 1615 1678 1694 1716; x_wconf 90' lang='lat' dir='ltr'><strong>est</strong></span> 
     </span>
     <span class='ocr_line' id='line_1_18' title="bbox 131 1750 1689 1822; baseline -0.002 -18"><span class='ocrx_word' id='word_1_112' title='bbox 131 1755 308 1804; x_wconf 89' lang='lat' dir='ltr'><strong>oratio</strong></span> <span class='ocrx_word' id='word_1_113' title='bbox 340 1754 577 1811; x_wconf 85' lang='lat' dir='ltr'><strong>remissa,</strong></span> <span class='ocrx_word' id='word_1_114' title='bbox 617 1764 671 1803; x_wconf 90' lang='lat' dir='ltr'><strong>et</strong></span> <span class='ocrx_word' id='word_1_115' title='bbox 705 1750 940 1802; x_wconf 87' lang='lat' dir='ltr'><strong>finitima</strong></span> <span class='ocrx_word' id='word_1_116' title='bbox 980 1754 1326 1822; x_wconf 84' lang='lat' dir='ltr'><strong>quotidianae</strong></span> <span class='ocrx_word' id='word_1_117' title='bbox 1350 1753 1689 1822; x_wconf 84' lang='lat' dir='ltr'><strong>loquutioni;</strong></span> 
     </span>
     <span class='ocr_line' id='line_1_19' title="bbox 131 1836 1689 1896; baseline -0.001 -8"><span class='ocrx_word' id='word_1_118' title='bbox 131 1839 496 1892; x_wconf 79' lang='lat' dir='ltr'><strong>conten-tio</strong></span> <span class='ocrx_word' id='word_1_119' title='bbox 535 1849 615 1887; x_wconf 90' lang='lat' dir='ltr'><strong>est</strong></span> <span class='ocrx_word' id='word_1_120' title='bbox 651 1839 823 1887; x_wconf 87' lang='lat' dir='ltr'><strong>oratio</strong></span> <span class='ocrx_word' id='word_1_121' title='bbox 862 1839 1028 1895; x_wconf 79' lang='lat' dir='ltr'><strong>acriS‚</strong></span> <span class='ocrx_word' id='word_1_122' title='bbox 1069 1850 1122 1888; x_wconf 88' lang='lat' dir='ltr'><strong>et</strong></span> <span class='ocrx_word' id='word_1_123' title='bbox 1155 1839 1222 1888; x_wconf 86' lang='lat' dir='ltr'><strong>ad</strong></span> <span class='ocrx_word' id='word_1_124' title='bbox 1247 1836 1689 1896; x_wconf 81' lang='lat' dir='ltr'><strong>confirmandum,</strong></span> 
     </span>
     <span class='ocr_line' id='line_1_20' title="bbox 132 1921 1691 1992; baseline -0.001 -19"><span class='ocrx_word' id='word_1_125' title='bbox 132 1936 188 1974; x_wconf 88' lang='lat' dir='ltr'><strong>et</strong></span> <span class='ocrx_word' id='word_1_126' title='bbox 223 1924 292 1975; x_wconf 88' lang='lat' dir='ltr'><strong>ad</strong></span> <span class='ocrx_word' id='word_1_127' title='bbox 327 1921 713 1975; x_wconf 78' lang='lat' dir='ltr'><strong>confutandum</strong></span> <span class='ocrx_word' id='word_1_128' title='bbox 750 1923 1147 1976; x_wconf 83' lang='lat' dir='ltr'><strong>accommodata</strong></span> <span class='ocrx_word' id='word_1_129' title='bbox 1167 1940 1182 1984; x_wconf 90' lang='lat'>;</span> <span class='ocrx_word' id='word_1_130' title='bbox 1223 1923 1691 1992; x_wconf 83' lang='lat' dir='ltr'><strong>amplificatio</strong></span> 
     </span>
     <span class='ocr_line' id='line_1_21' title="bbox 133 2010 1692 2077; baseline -0.001 -19"><span class='ocrx_word' id='word_1_131' title='bbox 133 2021 214 2065; x_wconf 74' lang='lat' dir='ltr'><strong>est</strong></span> <span class='ocrx_word' id='word_1_132' title='bbox 263 2011 465 2068; x_wconf 78' lang='lat' dir='ltr'><strong>oratio,</strong></span> <span class='ocrx_word' id='word_1_133' title='bbox 516 2026 651 2077; x_wconf 89' lang='lat' dir='ltr'><strong>quae</strong></span> <span class='ocrx_word' id='word_1_134' title='bbox 703 2020 797 2058; x_wconf 89' lang='lat' dir='ltr'><strong>aut</strong></span> <span class='ocrx_word' id='word_1_135' title='bbox 845 2010 902 2057; x_wconf 90' lang='lat' dir='ltr'><strong>in</strong></span> <span class='ocrx_word' id='word_1_136' title='bbox 947 2010 1275 2060; x_wconf 85' lang='lat' dir='ltr'><strong>iracundiam</strong></span> <span class='ocrx_word' id='word_1_137' title='bbox 1307 2011 1545 2069; x_wconf 82' lang='lat' dir='ltr'><strong>inducit,</strong></span> <span class='ocrx_word' id='word_1_138' title='bbox 1599 2019 1692 2058; x_wconf 85' lang='lat' dir='ltr'><strong>aut</strong></span> 
     </span>
     <span class='ocr_line' id='line_1_22' title="bbox 133 2083 1691 2155; baseline 0.001 -12"><span class='ocrx_word' id='word_1_139' title='bbox 133 2095 201 2144; x_wconf 88' lang='lat' dir='ltr'><strong>ad</strong></span> <span class='ocrx_word' id='word_1_140' title='bbox 237 2083 656 2155; x_wconf 82' lang='lat' dir='ltr'><strong>misericordiam</strong></span> <span class='ocrx_word' id='word_1_141' title='bbox 692 2093 861 2143; x_wconf 82' lang='lat' dir='ltr'><strong>trahit</strong></span> <span class='ocrx_word' id='word_1_142' title='bbox 883 2095 1143 2144; x_wconf 86' lang='lat' dir='ltr'><strong>auditoris</strong></span> <span class='ocrx_word' id='word_1_143' title='bbox 1178 2092 1430 2146; x_wconf 82' lang='lat' dir='ltr'><strong>animum.</strong></span> <span class='ocrx_word' id='word_1_144' title='bbox 1507 2096 1691 2155; x_wconf 85' lang='lat' dir='ltr'><strong>Sermo</strong></span> 
     </span>
     <span class='ocr_line' id='line_1_23' title="bbox 133 2179 1691 2250; baseline 0 -21"><span class='ocrx_word' id='word_1_145' title='bbox 133 2179 394 2229; x_wconf 79' lang='lat' dir='ltr'><strong>dividitur</strong></span> <span class='ocrx_word' id='word_1_146' title='bbox 443 2180 500 2227; x_wconf 90' lang='lat' dir='ltr'><strong>in</strong></span> <span class='ocrx_word' id='word_1_147' title='bbox 535 2190 711 2245; x_wconf 83' lang='lat' dir='ltr'><strong>partes</strong></span> <span class='ocrx_word' id='word_1_148' title='bbox 749 2190 1010 2249; x_wconf 84' lang='lat' dir='ltr'><strong>quatuor,</strong></span> <span class='ocrx_word' id='word_1_149' title='bbox 1073 2180 1410 2250; x_wconf 84' lang='lat' dir='ltr'><strong>dignitatem,</strong></span> <span class='ocrx_word' id='word_1_150' title='bbox 1476 2181 1691 2230; x_wconf 82' lang='lat' dir='ltr'><strong>demon·</strong></span> 
     </span>
     <span class='ocr_line' id='line_1_24' title="bbox 130 2265 1691 2336; baseline 0.001 -22"><span class='ocrx_word' id='word_1_151' title='bbox 130 2265 448 2314; x_wconf 82' lang='lat' dir='ltr'><strong>strationem</strong></span> <span class='ocrx_word' id='word_1_152' title='bbox 464 2298 497 2322; x_wconf 85' lang='lat'><strong>„</strong></span> <span class='ocrx_word' id='word_1_153' title='bbox 519 2266 873 2315; x_wconf 78' lang='lat' dir='ltr'><strong>narrationem</strong></span> <span class='ocrx_word' id='word_1_154' title='bbox 886 2301 903 2324; x_wconf 86' lang='lat'>‚</span> <span class='ocrx_word' id='word_1_155' title='bbox 941 2266 1278 2334; x_wconf 76' lang='lat' dir='ltr'><strong>iocationem.</strong></span> <span class='ocrx_word' id='word_1_156' title='bbox 1363 2268 1411 2315; x_wconf 91' lang='lat' dir='ltr'>D</span> <span class='ocrx_word' id='word_1_157' title='bbox 1424 2268 1444 2314; x_wconf 89' lang='lat' dir='ltr'><strong>i</strong></span> <span class='ocrx_word' id='word_1_158' title='bbox 1457 2284 1491 2336; x_wconf 89' lang='lat' dir='ltr'>g</span> <span class='ocrx_word' id='word_1_159' title='bbox 1505 2285 1539 2315; x_wconf 88' lang='lat' dir='ltr'><strong>n</strong></span> <span class='ocrx_word' id='word_1_160' title='bbox 1551 2268 1571 2314; x_wconf 92' lang='lat' dir='ltr'><strong>i</strong></span> <span class='ocrx_word' id='word_1_161' title='bbox 1583 2277 1608 2315; x_wconf 92' lang='lat' dir='ltr'><strong>t</strong></span> <span class='ocrx_word' id='word_1_162' title='bbox 1625 2285 1654 2314; x_wconf 86' lang='lat' dir='ltr'><strong>a</strong></span> <span class='ocrx_word' id='word_1_163' title='bbox 1667 2282 1691 2315; x_wconf 91' lang='lat' dir='ltr'><strong>s</strong></span> 
     </span>
     <span class='ocr_line' id='line_1_25' title="bbox 135 2350 1691 2421; baseline 0 -22"><span class='ocrx_word' id='word_1_164' title='bbox 135 2361 215 2401; x_wconf 91' lang='lat' dir='ltr'><strong>est</strong></span> <span class='ocrx_word' id='word_1_165' title='bbox 264 2350 437 2400; x_wconf 84' lang='lat' dir='ltr'><strong>oratio</strong></span> <span class='ocrx_word' id='word_1_166' title='bbox 487 2367 608 2421; x_wconf 83' lang='lat' dir='ltr'><strong>cum</strong></span> <span class='ocrx_word' id='word_1_167' title='bbox 657 2350 836 2420; x_wconf 70' lang='lat' dir='ltr'><strong>aliqua</strong></span> <span class='ocrx_word' id='word_1_168' title='bbox 885 2352 1194 2421; x_wconf 67' lang='lat' dir='ltr'><strong>gravi-tate,¹</strong></span> <span class='ocrx_word' id='word_1_169' title='bbox 1238 2363 1291 2402; x_wconf 84' lang='lat' dir='ltr'><strong>et</strong></span> <span class='ocrx_word' id='word_1_170' title='bbox 1327 2353 1474 2403; x_wconf 88' lang='lat' dir='ltr'><strong>vocis</strong></span> <span class='ocrx_word' id='word_1_171' title='bbox 1510 2352 1691 2400; x_wconf 87' lang='lat' dir='ltr'><strong>remis-</strong></span> 
     </span>
     <span class='ocr_line' id='line_1_26' title="bbox 134 2435 1694 2504; baseline 0 -20"><span class='ocrx_word' id='word_1_172' title='bbox 134 2436 311 2486; x_wconf 82' lang='lat' dir='ltr'><strong>sione:</strong></span> <span class='ocrx_word' id='word_1_173' title='bbox 375 2435 1035 2494; x_wconf 69' lang='lat' dir='ltr'><strong>demonstratio-est,</strong></span> <span class='ocrx_word' id='word_1_174' title='bbox 1099 2453 1234 2504; x_wconf 83' lang='lat' dir='ltr'><strong>quae</strong></span> <span class='ocrx_word' id='word_1_175' title='bbox 1282 2437 1694 2487; x_wconf 84' lang='lat' dir='ltr'><strong>docet&#39;remissa</strong></span> 
     </span>
     <span class='ocr_line' id='line_1_27' title="bbox 136 2517 1691 2590; baseline -0.001 -18"><span class='ocrx_word' id='word_1_176' title='bbox 136 2523 293 2579; x_wconf 65' lang='lat' dir='ltr'><strong>voce,</strong></span> <span class='ocrx_word' id='word_1_177' title='bbox 357 2521 629 2589; x_wconf 82' lang='lat' dir='ltr'><strong>quomodo</strong></span> <span class='ocrx_word' id='word_1_178' title='bbox 666 2522 798 2590; x_wconf 82' lang='lat' dir='ltr'><strong>quid</strong></span> <span class='ocrx_word' id='word_1_179' title='bbox 846 2518 966 2571; x_wconf 84' lang='lat' dir='ltr'><strong>fieri</strong></span> <span class='ocrx_word' id='word_1_180' title='bbox 998 2522 1273 2588; x_wconf 56' lang='lat' dir='ltr'><strong>potuerit,</strong></span> <span class='ocrx_word' id='word_1_181' title='bbox 1327 2528 1425 2572; x_wconf 83' lang='lat' dir='ltr'><strong>aut</strong></span> <span class='ocrx_word' id='word_1_182' title='bbox 1457 2517 1574 2572; x_wconf 87' lang='lat' dir='ltr'><strong>non·</strong></span> <span class='ocrx_word' id='word_1_183' title='bbox 1599 2538 1691 2589; x_wconf 86' lang='lat' dir='ltr'><strong>po-</strong></span> 
     </span>
     <span class='ocr_line' id='line_1_28' title="bbox 136 2607 1691 2677; baseline 0.001 -23"><span class='ocrx_word' id='word_1_184' title='bbox 136 2607 323 2654; x_wconf 67' lang='lat' dir='ltr'><strong>tuerit}</strong></span> <span class='ocrx_word' id='word_1_185' title='bbox 362 2607 675 2657; x_wconf 85' lang='lat' dir='ltr'><strong>narratio</strong></span> <span class='ocrx_word' id='word_1_186' title='bbox 709 2619 791 2656; x_wconf 91' lang='lat' dir='ltr'><strong>est</strong></span> <span class='ocrx_word' id='word_1_187' title='bbox 825 2619 1000 2656; x_wconf 85' lang='lat' dir='ltr'><strong>rerum</strong></span> <span class='ocrx_word' id='word_1_188' title='bbox 1038 2619 1318 2677; x_wconf 83' lang='lat' dir='ltr'><strong>gestarum,</strong></span> <span class='ocrx_word' id='word_1_189' title='bbox 1358 2619 1449 2656; x_wconf 87' lang='lat' dir='ltr'><strong>aut</strong></span> <span class='ocrx_word' id='word_1_190' title='bbox 1472 2607 1691 2674; x_wconf 84' lang='lat' dir='ltr'><strong>perinde</strong></span> 
     </span>
     <span class='ocr_line' id='line_1_29' title="bbox 131 2693 1692 2760; baseline 0 -22"><span class='ocrx_word' id='word_1_191' title='bbox 131 2701 197 2739; x_wconf 85' lang='lat' dir='ltr'><strong>ut</strong></span> <span class='ocrx_word' id='word_1_192' title='bbox 223 2702 522 2760; x_wconf 84' lang='lat' dir='ltr'><strong>gestarum,</strong></span> <span class='ocrx_word' id='word_1_193' title='bbox 562 2694 850 2759; x_wconf 82' lang='lat' dir='ltr'><strong>expositio:</strong></span> <span class='ocrx_word' id='word_1_194' title='bbox 898 2693 1188 2742; x_wconf 57' lang='lat' dir='ltr'><strong>iocatio„</strong></span> <span class='ocrx_word' id='word_1_195' title='bbox 1204 2702 1284 2742; x_wconf 83' lang='lat' dir='ltr'><strong>est</strong></span> <span class='ocrx_word' id='word_1_196' title='bbox 1312 2695 1527 2751; x_wconf 63' lang='lat' dir='ltr'><strong>oratio,</strong></span> <span class='ocrx_word' id='word_1_197' title='bbox 1557 2706 1692 2760; x_wconf 84' lang='lat' dir='ltr'><strong>quae</strong></span> 
     </span>
     <span class='ocr_line' id='line_1_30' title="bbox 139 2775 1695 2846; baseline -0.001 -22"><span class='ocrx_word' id='word_1_198' title='bbox 139 2791 200 2825; x_wconf 87' lang='lat' dir='ltr'><strong>ex</strong></span> <span class='ocrx_word' id='word_1_199' title='bbox 250 2775 427 2845; x_wconf 84' lang='lat' dir='ltr'><strong>aliqua</strong></span> <span class='ocrx_word' id='word_1_200' title='bbox 476 2794 534 2827; x_wconf 83' lang='lat' dir='ltr'><strong>re</strong></span> <span class='ocrx_word' id='word_1_201' title='bbox 579 2779 748 2827; x_wconf 78' lang='lat' dir='ltr'><strong>risum</strong></span> <span class='ocrx_word' id='word_1_202' title='bbox 795 2778 1081 2846; x_wconf 76' lang='lat' dir='ltr'><strong>pudentem</strong></span> <span class='ocrx_word' id='word_1_203' title='bbox 1128 2789 1182 2843; x_wconf 84' lang='lat' dir='ltr'><strong>et</strong></span> <span class='ocrx_word' id='word_1_204' title='bbox 1214 2777 1482 2828; x_wconf 81' lang='lat' dir='ltr'><strong>liberalem</strong></span> <span class='ocrx_word' id='word_1_205' title='bbox 1519 2784 1695 2843; x_wconf 83' lang='lat' dir='ltr'><strong>potest</strong></span> 
     </span>
    </p>
   </div>
  </div>
 </body>
</html>
