1924 3224
231 183 372 278 'AD
408 177 928 278 'HERENNmM
976 209 1144 276 ²L113.
1197 230 1280 281 IV.
1331 244 1385 288 3.
1544 248 1643 295 215

76 389 450 464 gignisssnobis
499 408 662 442 novas
698 393 1122 460 praeceptiones;
1175 409 1261 442 eas
1299 394 1410 460 ipse
1447 390 1638 444 confir-

74 494 220 527 mare
256 493 366 527 non
396 488 579 544 potes3
619 477 684 526 ab
714 477 830 526 aliis
858 478 1094 546 exempla
1119 481 1302 527 sumis.
1375 479 1535 536 Vide,
1575 496 1640 533 ne

74 560 238 627 facias
281 562 645 629 impudenter,
685 564 777 631 qui
812 579 908 614 tuo
942 565 1148 612 nomini
1174 563 1302 615 velis
1328 581 1388 612 ex
1415 563 1641 614 aliorum·

74 645 363 698 laboribus
387 645 554 696 libare
589 647 819 698 laudem.
893 650 1025 698 Nam
1067 650 1112 698 si
1150 666 1332 698 eorum
1370 647 1640 699 volumina

73 731 450 801 prehenderint
498 734 707 802 antiqui
752 745 988 784 oratores
1026 745 1077 783 et
1112 745 1329 802 poetae,
1396 745 1449 782 et
1485 751 1639 794 suum

77 819 305 888 quisque
342 819 406 868 de
435 817 591 872 libris·
619 818 922 878 sustulerit3
963 818 1096 868 nihil
1123 821 1238 869 istis
1256 856 1271 878 ‚
1312 819 1458 889 quod
1485 836 1641 868 suum
1713 885 1715 887 v

78 916 295 963 vocent,
347 903 690 972 relinquetur.
779 907 851 955 At
889 903 1147 971 exempla,
1205 907 1457 972 quoniam
1497 905 1644 954 testi-

77 985 384 1040 moniorum
424 988 617 1039 similia
658 1002 811 1049 sunt,
851 992 979 1039 item
1009 991 1284 1046 convenit,
1323 1000 1385 1038 ut
1408 990 1646 1039 testimo-

79 1077 199 1132 nia,
267 1073 332 1124 ab
381 1072 688 1124 hominihus
735 1074 1123 1141 probatissimis
1173 1075 1328 1123 sumi.
1411 1075 1646 1122 Primum

82 1161 321 1211 omnium
348 1158 578 1226 exempla
603 1171 874 1226 ponuntur
898 1158 986 1209 hic
1013 1177 1119 1210 non
1149 1157 1519 1216 confirmandi,
1559 1175 1646 1207 ne·

82 1245 185 1295 vhe
234 1240 562 1313 testificandi
608 1261 794 1303 causa,
862 1245 954 1294 sed.
1004 1242 1422 1294 demonstrandi.
1522 1244 1645 1302 Non

82 1332 254 1386 enim.
329 1346 492 1398 quum
553 1329 779 1378 dicimus
829 1347 940 1379 esse
993 1311 1414 1386 exornationem,
1490 1343 1643 1395 quae,

81 1411 234 1464 verbi
261 1430 433 1470 causa,
473 1425 681 1463 constet
705 1432 766 1463 ex
793 1415 1037 1464 similiter
1065 1413 1426 1464 desinentibus
1452 1411 1642 1470 verbis,

82 1512 137 1549 et
159 1501 406 1566 ponimus
432 1497 535 1547 hoc
562 1500 853 1567 exemplum
877 1519 904 1548 a
927 1502 1114 1550 Crasso
1130 1535 1146 1558 ,
1186 1535 1223 1558 ‚‚
1242 1496 1434 1566 quibus
1460 1513 1642 1563 possu-

81 1602 200 1633 mus
220 1621 236 1642 ,
286 1596 339 1632 et
367 1582 615 1632 debemus
631 1620 646 1642 ,
667 1592 699 1614 ‘⁶
751 1586 1113 1634 testimonium
1142 1583 1466 1633 collocamus
1484 1617 1499 1639 ‚
1551 1581 1644 1632 sed

83 1666 392 1735 exemplum.
468 1670 580 1717 Hoc
616 1669 779 1738 ignitur
813 1671 1032 1718 interest
1067 1669 1206 1717 inter
1231 1665 1556 1734 exemplum,
1593 1678 1645 1716 et

82 1754 475 1803 testimonium:
512 1754 748 1822 exemplo
791 1755 1182 1804 demonstratur
1221 1753 1305 1810 id,
1346 1753 1494 1820 quod
1518 1752 1645 1802 dici·

83 1856 231 1896 mus,
258 1839 586 1894 ,cuiusmodi
619 1842 719 1899 sit3
769 1840 1103 1900 testimonio,
1149 1855 1265 1888 esse
1285 1838 1418 1887 illud
1445 1840 1550 1896 ita,
1586 1849 1647 1888 ut

83 1941 181 1974 nos
219 1923 474 1982 dicimus,
524 1922 885 1974 confirmatur.
958 1926 1229 1973 Praeterea
1265 1934 1476 1990 oportet
1500 1924 1645 1972 testi-

86 2010 327 2058 monium
376 2025 496 2056 cum
534 2026 589 2058 re
631 2012 925 2061 convenire.
1020 2008 1188 2059 Aliter
1224 2010 1360 2056 enim
1391 2025 1500 2058 rem
1536 2025 1647 2059 non

84 2104 264 2159 potest
301 2089 634 2144 confirmare.
718 2097 791 2145 At
826 2096 912 2153 id,
963 2095 1107 2163 quod
1134 2093 1214 2142 illi
1243 2091 1475 2165 faciunt,
1527 2112 1646 2143 cum

10 2203 12 2206 >
86 2194 143 2227 re
184 2194 291 2226 non
325 2179 586 2229 convenit.
663 2180 807 2246 Quid
833 2179 947 2230 ita?
985 2182 1108 2249 quia
1134 2178 1452 2246 pollicentur
1479 2191 1643 2227 artem

89 2280 143 2312 se
180 2260 433 2321 scribere,
488 2273 541 2311 et
578 2264 810 2331 exempla
833 2263 1112 2333 proferunt
1136 2263 1200 2313 ab
1228 2265 1294 2312 iis
1318 2263 1643 2331 plerumque,

89 2348 183 2416 qui
212 2357 376 2394 artem
402 2348 716 2399 nescierunt.
793 2352 928 2399 Tum
953 2352 1071 2419 quis
1102 2360 1209 2406 est,
1258 2349 1352 2416 qui
1375 2348 1546 2415 possit
1567 2337 1642 2405 icl,

88 2432 236 2500 quod
264 2431 327 2480 de
354 2442 466 2480 arte
494 2435 778 2501 scripserit,
809 2433 1168 2500 comprobare,
1188 2434 1292 2481 nisi
1307 2431 1508 2500 aliquid
1523 2432 1645 2480 scri·

88 2515 181 2565 bat
216 2533 277 2565 ex
318 2516 469 2567 arte?
530 2518 826 2588 Contraque
855 2518 1085 2577 faciunt,
1124 2535 1282 2588 quam
1308 2516 1545 2583 polliceri
1569 2517 1644 2566 vi·

91 2600 299 2651 dentur.
347 2604 483 2652 Nam
513 2621 676 2671 quum
700 2604 924 2654 scribere
951 2617 1115 2653 artem
1141 2604 1440 2660 instituunt,
1465 2601 1643 2652 viden-

90 2698 178 2739 tur
197 2688 369 2736 dicere
397 2705 451 2736 se
478 2691 810 2758 excogitasse,
837 2690 982 2758 quod
1007 2689 1139 2739 alios
1168 2689 1442 2738 docerent:
1479 2703 1645 2754 quum

91 2788 214 2823 vero
232 2772 486 2832 scribunt,
510 2774 795 2823 ostendunt
809 2774 984 2833 nobiS,
1014 2773 1146 2842 quid
1168 2773 1260 2822 alii
1283 2772 1649 2841 excogitarint,

162 2865 245 2902 Cic.
272 2863 490 2906 Rhetoric.
543 2866 634 2906 Vol.
659 2869 695 2906 Ῑ.
1543 2867 1577 2915 8
