1878 3198
245 221 349 271 300
607 182 610 185 ἢ
706 180 1318 260 ‘C'ICERUNis

243 387 326 422 res
364 369 538 422 solum
579 363 913 428 convertere,
968 387 1153 422 verum
1189 370 1351 420 etiam
1385 361 1547 422 verba
1581 386 1821 431 commu·⁸

240 467 356 506 tare
390 457 589 506 conari.
663 456 798 507 Nam
836 456 914 506 illi
957 457 1175 525 quidem
1212 459 1517 506 communes
1545 454 1690 514 loci„
1719 457 1816 527 qui

243 553 335 591 aut
358 541 652 591 calumniae
677 539 1047 606 accusatorum
1077 542 1517 592 demonstrandae
1532 578 1549 602 ,
1601 553 1697 606 aut
1719 542 1815 591 mi-

239 628 559 677 sericordiae
600 622 921 695 captandae,
963 640 1056 678 aut
1089 625 1220 678 facti
1258 628 1604 701 indignandi,
1654 639 1815 679 auta
1870 638 1878 666 ·:

239 709 617 781 misericordia)
645 714 947 764 deterrendi
997 732 1153 775 causa
1195 721 1508 772 sumuntur,
1570 730 1631 764 ex
1677 714 1813 782 peri·
1861 744 1878 763 ι,

240 797 348 847 culi
382 800 783 870 ⁴magnitudine,
847 817 955 850 non
997 819 1057 851 ex
1098 817 1287 850 causae
1328 817 1545 871 genere,
1612 799 1821 853 ducum,
1853 833 1878 853 Ι.

237 895 343 933 tur.
420 885 598 950 Quare
636 903 746 936 non
784 888 840 935 in
879 903 1090 936 omnem
1129 903 1372 944 causam,
1429 886 1522 936 sed
1549 885 1614 934 'in
1654 881 1819 936 omu'e'

238 987 426 1019 causae
463 987 627 1042 genus
664 971 925 1022 incidunt.
1000 974 1202 1023 Eorum
1237 973 1561 1021 mentionem
1596 971 1654 1020 in
1690 987 1813 1020 con·

237 1055 479 1105 iecturali
517 1057 900 1108 constitutione
939 1054 1578 1109 feci1nuS.Inductione
1615 1067 1814 1116 autem,
1846 1054 1854 1061 “

237 1152 406 1212 quum
443 1161 600 1194 causa
635 1141 965 1211 postulabit,
1019 1155 1247 1193 utemul.

350 1246 430 1295 19.
489 1230 667 1296 Quum
721 1241 899 1278 autem
956 1231 1095 1279 actio
1152 1228 1668 1278 translationis
1718 1237 1859 1277 aut·

237 1333 263 1364 c
280 1332 377 1364 om
389 1332 441 1363 m
460 1334 496 1363 u
508 1327 531 1364 t
544 1333 574 1363 a
589 1326 610 1364 t
624 1317 643 1363 i
658 1332 689 1365 o
706 1334 739 1363 n
754 1316 772 1363 i
786 1331 808 1363 s
850 1315 1089 1386 indigere
1131 1315 1341 1372 videtur
1355 1351 1370 1373 ‚
1411 1314 1558 1383 quod
1584 1329 1692 1363 non
1717 1324 1813 1363 aut

237 1403 283 1450 is
317 1403 446 1472 agit,
486 1417 644 1470 quem
674 1412 904 1467 oportet,
945 1411 1036 1450 aut
1063 1418 1182 1450 cum
1211 1417 1293 1459 eo,
1333 1401 1554 1468 quicum
1583 1409 1812 1466 oportet,
1876 1462 1878 1466 Ι

236 1499 327 1537 aut
366 1487 508 1554 apud
534 1503 699 1556 quos,
741 1505 846 1556 qua
872 1486 1014 1558 lege,
1057 1502 1391 1556 quapoena,
1432 1501 1540 1554 quo
1569 1484 1810 1542 crimine,
1854 1506 1858 1518 ι

179 1560 185 1571 ’
235 1590 346 1643 quo
393 1585 628 1640 tempore
680 1584 921 1639 opoltet,
1001 1573 1319 1623 constitutio
1379 1569 1810 1623 translativa
1847 1595 1861 1601 -

235 1658 546 1727 appellatul.
647 1660 818 1707 Huius
872 1656 1028 1708 nobis
1082 1657 1315 1726 exempla
1363 1655 1624 1724 permulta
1675 1664 1831 1723 opus(

235 1745 372 1802 sint,
435 1746 482 1794 si
524 1743 732 1815 singula
769 1744 1180 1794 tlanslationum
1220 1761 1410 1814 genem
1459 1747 1809 1812 quaelarnus.

235 1830 328 1878 sed
369 1831 497 1899 quia
535 1833 672 1879 ratio
708 1843 1112 1898 praeceptorum
1149 1829 1339 1878 similis
1377 1840 1482 1885 est,
1551 1826 1813 1895 exemplo·
1856 1813 1878 1893 f

232 1933 351 1964 rum
395 1915 736 1965 multitudine
780 1915 1229 1983 supersedendum
1257 1925 1355 1964 est.
1428 1917 1606 1984 Atque
1633 1915 1689 1963 in
1715 1931 1809 1964 no-
1869 1919 1878 1930 “

234 2013 344 2050 stra
370 2001 586 2071 quidem
632 2000 1018 2052 consuetudine
1057 2001 1240 2050 multis
1280 2000 1343 2051 de
1384 2001 1557 2051 causis
1596 1997 1694 2060 fit,
1748 2011 1810 2050 ut

232 2088 402 2136 rarius
454 2087 695 2137 incidant
742 2086 1131 2136 translationes.
1229 2089 1363 2137 Nam
1417 2098 1471 2138 et
1526 2087 1808 2158 praetoriis

234 2170 631 2240 exceptionibus
680 2160 878 2221 multae
919 2171 1270 2221 excluduntur
1311 2173 1576 2230 actiones,
1642 2184 1695 2221 et
1730 2173 1807 2221 ita

233 2261 315 2308 ius
350 2258 505 2308 civile
540 2249 796 2308 habemus
838 2259 1218 2315 constitutum,
1271 2270 1330 2307 ut
1369 2275 1528 2307 causa
1559 2257 1804 2316 cadatis,

233 2346 506 2413 quinon,
574 2344 1021 2413 quemadmodum
1060 2356 1301 2411 oportet,
1360 2345 1540 2414 egerit.
1626 2342 1808 2408 Quare
1862 2350 1871 2387 ἑ

234 2432 287 2476 in
325 2430 439 2478 iure
476 2429 785 2500 plerumque
822 2441 1111 2480 versantur.
1187 2429 1268 2479 Ibi
1300 2431 1439 2478 enim
1470 2440 1521 2480 et
1547 2429 1805 2496 exceptio·

235 2531 324 2562 nes
365 2515 734 2581 postulantur,
814 2527 867 2564 et
905 2515 1304 2584 quodaminodo
1346 2514 1537 2585 agendi
1572 2504 1806 2581 potestat
1859 2574 1863 2579 q

235 2599 410 2657 datur,
452 2612 504 2649 et
529 2603 700 2650 omnis
726 2603 1004 2667 conceptio
1034 2602 1355 2667 privatarum
1384 2601 1655 2649 actionum
1683 2616 1806 2649 con·
1830 2618 1832 2621 ·
1872 2626 1878 2662 ,1

237 2685 494 2734 stituitur.
594 2687 653 2735 In
689 2688 817 2754 ipsis
859 2699 1034 2734 autem
1075 2687 1287 2736 iudiciis
1324 2687 1494 2734 rarius
1538 2684 1803 2742 incidunt,

236 2780 287 2819 et
325 2779 497 2818 tamen
537 2771 583 2820 si
623 2773 837 2841 quando
873 2771 1148 2829 incidunt,
1225 2768 1490 2821 eiusmodi
1527 2781 1678 2829 sunt,
1744 2780 1807 2819 ut
