<?xml version="1.0" encoding="UTF-8"?>
<!DOCTYPE html PUBLIC "-//W3C//DTD XHTML 1.0 Transitional//EN"
    "http://www.w3.org/TR/xhtml1/DTD/xhtml1-transitional.dtd">
<html xmlns="http://www.w3.org/1999/xhtml" xml:lang="en" lang="en">
 <head>
  <title>
</title>
<meta http-equiv="Content-Type" content="text/html;charset=utf-8" />
  <meta name='ocr-system' content='tesseract 3.04.00' />
  <meta name='ocr-capabilities' content='ocr_page ocr_carea ocr_par ocr_line ocrx_word'/>
</head>
<body>
  <div class='ocr_page' id='page_1' title='image "./p1selectedworkso01ciceuoft_0026.png"; bbox 0 0 1924 3224; ppageno 0'>
   <div class='ocr_carea' id='block_1_1' title="bbox 219 3 1573 261">
    <p class='ocr_par' dir='ltr' id='par_1_1' title="bbox 219 3 1573 261">
     <span class='ocr_line' id='line_1_1' title="bbox 1147 3 1232 42; baseline 0 0"><span class='ocrx_word' id='word_1_1' title='bbox 1147 3 1232 42; x_wconf 39' lang='lat' dir='ltr'><strong>&#39;b</strong></span> 
     </span>
     <span class='ocr_line' id='line_1_2' title="bbox 219 173 1573 261; baseline -0.001 -9"><span class='ocrx_word' id='word_1_2' title='bbox 219 206 387 254; x_wconf 73' lang='lat' dir='ltr'><strong>xxm</strong></span> <span class='ocrx_word' id='word_1_3' title='bbox 529 173 1573 261; x_wconf 41' lang='lat' dir='ltr'>PROLEGO&#39;MEN*0RUM··</span> 
     </span>
    </p>
   </div>
   <div class='ocr_carea' id='block_1_2' title="bbox 214 369 1820 1592">
    <p class='ocr_par' dir='ltr' id='par_1_2' title="bbox 217 369 1820 1030">
     <span class='ocr_line' id='line_1_3' title="bbox 217 369 1788 447; baseline 0.001 -19"><span class='ocrx_word' id='word_1_4' title='bbox 217 369 360 428; x_wconf 87' lang='lat' dir='ltr'><strong>niu</strong></span> <span class='ocrx_word' id='word_1_5' title='bbox 377 389 404 426; x_wconf 91' lang='lat' dir='ltr'><strong>s</strong></span> <span class='ocrx_word' id='word_1_6' title='bbox 470 373 580 426; x_wconf 69' lang='lat' dir='ltr'><strong>Gn</strong></span> <span class='ocrx_word' id='word_1_7' title='bbox 597 369 619 425; x_wconf 93' lang='lat' dir='ltr'><strong>i</strong></span> <span class='ocrx_word' id='word_1_8' title='bbox 636 391 675 446; x_wconf 90' lang='lat' dir='ltr'><strong>p</strong></span> <span class='ocrx_word' id='word_1_9' title='bbox 692 370 733 425; x_wconf 87' lang='lat' dir='ltr'><strong>h</strong></span> <span class='ocrx_word' id='word_1_10' title='bbox 753 390 791 427; x_wconf 92' lang='lat' dir='ltr'><strong>o</strong></span> <span class='ocrx_word' id='word_1_11' title='bbox 811 414 827 440; x_wconf 91' lang='lat'>,</span> <span class='ocrx_word' id='word_1_12' title='bbox 893 369 969 427; x_wconf 86' lang='lat' dir='ltr'><strong>de</strong></span> <span class='ocrx_word' id='word_1_13' title='bbox 1016 391 1144 447; x_wconf 91' lang='lat' dir='ltr'><strong>quo</strong></span> <span class='ocrx_word' id='word_1_14' title='bbox 1191 370 1533 429; x_wconf 85' lang='lat' dir='ltr'><strong>Suetonius</strong></span> <span class='ocrx_word' id='word_1_15' title='bbox 1590 370 1662 430; x_wconf 90' lang='lat' dir='ltr'><strong>in</strong></span> <span class='ocrx_word' id='word_1_16' title='bbox 1706 371 1788 429; x_wconf 87' lang='lat' dir='ltr'><strong>li-</strong></span> 
     </span>
     <span class='ocr_line' id='line_1_4' title="bbox 217 484 1787 565; baseline 0.002 -23"><span class='ocrx_word' id='word_1_17' title='bbox 217 484 392 542; x_wconf 90' lang='lat' dir='ltr'><strong>bello</strong></span> <span class='ocrx_word' id='word_1_18' title='bbox 443 484 518 541; x_wconf 91' lang='lat' dir='ltr'><strong>de</strong></span> <span class='ocrx_word' id='word_1_19' title='bbox 578 486 766 544; x_wconf 89' lang='lat' dir='ltr'><strong>claris</strong></span> <span class='ocrx_word' id='word_1_20' title='bbox 824 486 1261 544; x_wconf 80' lang='lat' dir='ltr'><strong>Grammaticis</strong></span> <span class='ocrx_word' id='word_1_21' title='bbox 1320 487 1611 565; x_wconf 87' lang='lat' dir='ltr'><strong>pluscula</strong></span> <span class='ocrx_word' id='word_1_22' title='bbox 1657 507 1787 545; x_wconf 88' lang='lat' dir='ltr'><strong>me-</strong></span> 
     </span>
     <span class='ocr_line' id='line_1_5' title="bbox 217 578 1788 678; baseline 0.002 -21"><span class='ocrx_word' id='word_1_23' title='bbox 217 599 459 658; x_wconf 84' lang='lat' dir='ltr'><strong>moriae</strong></span> <span class='ocrx_word' id='word_1_24' title='bbox 504 601 855 658; x_wconf 82' lang='lat' dir='ltr'><strong>mandavit.</strong></span> <span class='ocrx_word' id='word_1_25' title='bbox 929 601 1158 658; x_wconf 88' lang='lat' dir='ltr'><strong>Omnia</strong></span> <span class='ocrx_word' id='word_1_26' title='bbox 1177 647 1190 670; x_wconf 95' lang='lat'>‚</span> <span class='ocrx_word' id='word_1_27' title='bbox 1241 622 1396 678; x_wconf 88' lang='lat' dir='ltr'><strong>quae</strong></span> <span class='ocrx_word' id='word_1_28' title='bbox 1442 601 1517 659; x_wconf 87' lang='lat' dir='ltr'><strong>de</strong></span> <span class='ocrx_word' id='word_1_29' title='bbox 1554 622 1628 660; x_wconf 92' lang='lat' dir='ltr'><strong>eo</strong></span> <span class='ocrx_word' id='word_1_30' title='bbox 1657 578 1788 660; x_wconf 80' lang='lat' dir='ltr'><strong>me-</strong></span> 
     </span>
     <span class='ocr_line' id='line_1_6' title="bbox 217 695 1820 801; baseline 0.001 -28"><span class='ocrx_word' id='word_1_31' title='bbox 217 729 552 773; x_wconf 88' lang='lat' dir='ltr'><strong>morantur</strong></span> <span class='ocrx_word' id='word_1_32' title='bbox 568 761 582 787; x_wconf 92' lang='lat'>,</span> <span class='ocrx_word' id='word_1_33' title='bbox 644 715 718 772; x_wconf 92' lang='lat' dir='ltr'><strong>in</strong></span> <span class='ocrx_word' id='word_1_34' title='bbox 780 730 1102 775; x_wconf 82' lang='lat' dir='ltr'><strong>auctorem</strong></span> <span class='ocrx_word' id='word_1_35' title='bbox 1144 716 1463 775; x_wconf 86' lang='lat' dir='ltr'><strong>librorum</strong></span> <span class='ocrx_word' id='word_1_36' title='bbox 1508 695 1790 777; x_wconf 58' lang='lat' dir='ltr'><strong>Rheueivi-</strong></span> <span class='ocrx_word' id='word_1_37' title='bbox 1818 799 1820 801; x_wconf 4' lang='lat' dir='ltr'>k</span> 
     </span>
     <span class='ocr_line' id='line_1_7' title="bbox 219 831 1789 904; baseline 0.001 -15"><span class='ocrx_word' id='word_1_38' title='bbox 219 851 440 889; x_wconf 88' lang='lat' dir='ltr'><strong>corum</strong></span> <span class='ocrx_word' id='word_1_39' title='bbox 530 831 606 888; x_wconf 89' lang='lat' dir='ltr'><strong>ad</strong></span> <span class='ocrx_word' id='word_1_40' title='bbox 680 831 1081 888; x_wconf 87' lang='lat' dir='ltr'><strong>Herennium</strong></span> <span class='ocrx_word' id='word_1_41' title='bbox 1157 832 1558 889; x_wconf 88' lang='lat' dir='ltr'><strong>conveniunt</strong></span> <span class='ocrx_word' id='word_1_42' title='bbox 1577 877 1592 904; x_wconf 91' lang='lat'>,</span> <span class='ocrx_word' id='word_1_43' title='bbox 1636 872 1637 875; x_wconf 20' lang='grc' dir='ltr'><strong>κ</strong></span> <span class='ocrx_word' id='word_1_44' title='bbox 1670 852 1789 890; x_wconf 89' lang='lat' dir='ltr'><strong>nec</strong></span> 
     </span>
     <span class='ocr_line' id='line_1_8' title="bbox 217 944 1560 1030; baseline 0.001 -28"><span class='ocrx_word' id='word_1_45' title='bbox 217 947 429 1003; x_wconf 89' lang='lat' dir='ltr'><strong>ullum</strong></span> <span class='ocrx_word' id='word_1_46' title='bbox 475 960 570 1003; x_wconf 90' lang='lat' dir='ltr'><strong>est</strong></span> <span class='ocrx_word' id='word_1_47' title='bbox 615 944 932 1030; x_wconf 84' lang='lat' dir='ltr'><strong>indicium</strong></span> <span class='ocrx_word' id='word_1_48' title='bbox 950 991 965 1015; x_wconf 85' lang='lat'><strong>,</strong></span> <span class='ocrx_word' id='word_1_49' title='bbox 1015 946 1186 1022; x_wconf 85' lang='lat' dir='ltr'><strong>quod</strong></span> <span class='ocrx_word' id='word_1_50' title='bbox 1232 960 1560 1025; x_wconf 80' lang='lat' dir='ltr'><strong>repugnet.</strong></span> 
     </span>
    </p>

    <p class='ocr_par' dir='ltr' id='par_1_3' title="bbox 214 1050 1790 1592">
     <span class='ocr_line' id='line_1_9' title="bbox 345 1050 1788 1139; baseline 0.003 -21"><span class='ocrx_word' id='word_1_51' title='bbox 345 1060 469 1118; x_wconf 88' lang='lat' dir='ltr'><strong>Hic</strong></span> <span class='ocrx_word' id='word_1_52' title='bbox 524 1059 724 1139; x_wconf 81' lang='lat' dir='ltr'><strong>igitur</strong></span> <span class='ocrx_word' id='word_1_53' title='bbox 769 1063 863 1116; x_wconf 89' lang='grc' dir='ltr'><strong>Μ.</strong></span> <span class='ocrx_word' id='word_1_54' title='bbox 912 1059 1238 1118; x_wconf 89' lang='lat' dir='ltr'><strong>Antonius</strong></span> <span class='ocrx_word' id='word_1_55' title='bbox 1286 1060 1543 1137; x_wconf 88' lang='lat' dir='ltr'><strong>Gnipho</strong></span> <span class='ocrx_word' id='word_1_56' title='bbox 1559 1088 1602 1132; x_wconf 84' lang='lat'><strong>,··</strong></span> <span class='ocrx_word' id='word_1_57' title='bbox 1631 1050 1788 1122; x_wconf 79' lang='lat' dir='ltr'><strong>&#39;Sue-</strong></span> 
     </span>
     <span class='ocr_line' id='line_1_10' title="bbox 216 1166 1790 1254; baseline 0.001 -21"><span class='ocrx_word' id='word_1_58' title='bbox 216 1174 403 1234; x_wconf 85' lang='lat' dir='ltr'><strong>tonio</strong></span> <span class='ocrx_word' id='word_1_59' title='bbox 451 1189 610 1234; x_wconf 88' lang='lat' dir='ltr'><strong>teste</strong></span> <span class='ocrx_word' id='word_1_60' title='bbox 628 1219 644 1246; x_wconf 90' lang='lat'>,</span> <span class='ocrx_word' id='word_1_61' title='bbox 690 1173 779 1230; x_wconf 93' lang='lat' dir='ltr'><strong>in</strong></span> <span class='ocrx_word' id='word_1_62' title='bbox 799 1194 838 1254; x_wconf 82' lang='lat' dir='ltr'>g</span> <span class='ocrx_word' id='word_1_63' title='bbox 858 1194 948 1231; x_wconf 91' lang='lat' dir='ltr'><strong>en</strong></span> <span class='ocrx_word' id='word_1_64' title='bbox 967 1196 1011 1230; x_wconf 91' lang='lat' dir='ltr'><strong>u</strong></span> <span class='ocrx_word' id='word_1_65' title='bbox 1030 1196 1070 1231; x_wconf 91' lang='lat' dir='ltr'><strong>u</strong></span> <span class='ocrx_word' id='word_1_66' title='bbox 1090 1195 1117 1233; x_wconf 93' lang='lat' dir='ltr'><strong>s</strong></span> <span class='ocrx_word' id='word_1_67' title='bbox 1162 1173 1320 1246; x_wconf 85' lang='lat' dir='ltr'><strong>fuit,</strong></span> <span class='ocrx_word' id='word_1_68' title='bbox 1379 1175 1456 1231; x_wconf 91' lang='lat' dir='ltr'><strong>in</strong></span> <span class='ocrx_word' id='word_1_69' title='bbox 1517 1166 1790 1234; x_wconf 53' lang='lat' dir='ltr'><strong>G&#39;afllisa</strong></span> 
     </span>
     <span class='ocr_line' id='line_1_11' title="bbox 214 1288 1789 1365; baseline 0 -17"><span class='ocrx_word' id='word_1_70' title='bbox 214 1302 487 1360; x_wconf 90' lang='lat' dir='ltr'><strong>natus,</strong></span> <span class='ocrx_word' id='word_1_71' title='bbox 554 1288 688 1347; x_wconf 85' lang='lat' dir='ltr'><strong>sed</strong></span> <span class='ocrx_word' id='word_1_72' title='bbox 747 1289 1212 1365; x_wconf 83' lang='lat' dir='ltr'><strong>expositus,</strong></span> <span class='ocrx_word' id='word_1_73' title='bbox 1271 1311 1304 1346; x_wconf 90' lang='lat' dir='ltr'><strong>a</strong></span> <span class='ocrx_word' id='word_1_74' title='bbox 1359 1289 1789 1349; x_wconf 82' lang='lat' dir='ltr'><strong>nutritore</strong></span> 
     </span>
     <span class='ocr_line' id='line_1_12' title="bbox 217 1402 1786 1482; baseline -0.001 -20"><span class='ocrx_word' id='word_1_75' title='bbox 217 1426 358 1469; x_wconf 77' lang='lat' dir='ltr'><strong>suo</strong></span> <span class='ocrx_word' id='word_1_76' title='bbox 404 1402 953 1462; x_wconf 83' lang='lat' dir='ltr'><strong>manumissus</strong></span> <span class='ocrx_word' id='word_1_77' title='bbox 1003 1419 1108 1477; x_wconf 91' lang='lat' dir='ltr'><strong>et,</strong></span> <span class='ocrx_word' id='word_1_78' title='bbox 1197 1419 1282 1462; x_wconf 90' lang='lat' dir='ltr'><strong>ut</strong></span> <span class='ocrx_word' id='word_1_79' title='bbox 1328 1405 1588 1482; x_wconf 80' lang='lat' dir='ltr'><strong>aliqui</strong></span> <span class='ocrx_word' id='word_1_80' title='bbox 1632 1419 1786 1462; x_wconf 65' lang='lat' dir='ltr'><strong>tra-</strong></span> 
     </span>
     <span class='ocr_line' id='line_1_13' title="bbox 217 1519 1789 1592; baseline 0.001 -15"><span class='ocrx_word' id='word_1_81' title='bbox 217 1520 453 1592; x_wconf 86' lang='lat' dir='ltr'><strong>dunt,</strong></span> <span class='ocrx_word' id='word_1_82' title='bbox 513 1520 816 1576; x_wconf 83' lang='lat' dir='ltr'><strong>Alexan</strong></span> <span class='ocrx_word' id='word_1_83' title='bbox 838 1519 1064 1576; x_wconf 87' lang='lat' dir='ltr'><strong>driae</strong></span> <span class='ocrx_word' id='word_1_84' title='bbox 1121 1519 1611 1578; x_wconf 83' lang='lat' dir='ltr'><strong>institutus.&#39;</strong></span> <span class='ocrx_word' id='word_1_85' title='bbox 1666 1527 1789 1587; x_wconf 45' lang='lat' dir='ltr'><strong>Au?</strong></span> 
     </span>
    </p>
   </div>
   <div class='ocr_carea' id='block_1_3' title="bbox 217 1616 1819 1717">
    <p class='ocr_par' dir='ltr' id='par_1_4' title="bbox 217 1616 1819 1717">
     <span class='ocr_line' id='line_1_14' title="bbox 217 1616 1819 1717; baseline 0.001 -25"><span class='ocrx_word' id='word_1_86' title='bbox 217 1648 353 1692; x_wconf 83' lang='lat' dir='ltr'><strong>otor</strong></span> <span class='ocrx_word' id='word_1_87' title='bbox 413 1633 731 1691; x_wconf 88' lang='lat' dir='ltr'><strong>librorum</strong></span> <span class='ocrx_word' id='word_1_88' title='bbox 775 1634 852 1691; x_wconf 87' lang='lat' dir='ltr'><strong>ad</strong></span> <span class='ocrx_word' id='word_1_89' title='bbox 899 1634 1295 1717; x_wconf 86' lang='lat' dir='ltr'><strong>Herennium</strong></span> <span class='ocrx_word' id='word_1_90' title='bbox 1345 1641 1410 1692; x_wconf 86' lang='lat' dir='ltr'><strong>se</strong></span> <span class='ocrx_word' id='word_1_91' title='bbox 1456 1635 1622 1692; x_wconf 86' lang='lat' dir='ltr'><strong>haud</strong></span> <span class='ocrx_word' id='word_1_92' title='bbox 1669 1616 1819 1693; x_wconf 49' lang='lat' dir='ltr'><strong>sext*-¹</strong></span> 
     </span>
    </p>
   </div>
   <div class='ocr_carea' id='block_1_4' title="bbox 214 1738 1896 1825">
    <p class='ocr_par' dir='ltr' id='par_1_5' title="bbox 214 1738 1896 1825">
     <span class='ocr_line' id='line_1_15' title="bbox 214 1738 1896 1825; baseline 0 -18"><span class='ocrx_word' id='word_1_93' title='bbox 214 1749 369 1807; x_wconf 80' lang='lat' dir='ltr'><strong>vil=is</strong></span> <span class='ocrx_word' id='word_1_94' title='bbox 428 1749 856 1820; x_wconf 87' lang='lat' dir='ltr'><strong>conditionis,</strong></span> <span class='ocrx_word' id='word_1_95' title='bbox 930 1769 1137 1825; x_wconf 91' lang='lat' dir='ltr'><strong>neque</strong></span> <span class='ocrx_word' id='word_1_96' title='bbox 1195 1748 1599 1819; x_wconf 85' lang='lat' dir='ltr'><strong>libertinum,</strong></span> <span class='ocrx_word' id='word_1_97' title='bbox 1677 1749 1787 1807; x_wconf 80' lang='lat' dir='ltr'><strong>sed</strong></span> <span class='ocrx_word' id='word_1_98' title='bbox 1873 1738 1896 1763; x_wconf 64' lang='lat'><strong><em>⁵</em></strong></span> 
     </span>
    </p>
   </div>
   <div class='ocr_carea' id='block_1_5' title="bbox 215 1862 1855 2744">
    <p class='ocr_par' dir='ltr' id='par_1_6' title="bbox 215 1862 1837 2150">
     <span class='ocr_line' id='line_1_16' title="bbox 215 1862 1783 1950; baseline 0.002 -30"><span class='ocrx_word' id='word_1_99' title='bbox 215 1863 575 1943; x_wconf 80' lang='lat' dir='ltr'><strong>ingenuum</strong></span> <span class='ocrx_word' id='word_1_100' title='bbox 646 1862 848 1922; x_wconf 87' lang='lat' dir='ltr'><strong>fuisse</strong></span> <span class='ocrx_word' id='word_1_101' title='bbox 919 1864 1134 1941; x_wconf 86' lang='lat' dir='ltr'><strong>prodit</strong></span> <span class='ocrx_word' id='word_1_102' title='bbox 1204 1862 1370 1922; x_wconf 85' lang='lat' dir='ltr'><strong>libro</strong></span> <span class='ocrx_word' id='word_1_103' title='bbox 1446 1869 1552 1923; x_wconf 91' lang='lat' dir='ltr'><strong>IV.</strong></span> <span class='ocrx_word' id='word_1_104' title='bbox 1625 1878 1783 1950; x_wconf 81' lang='lat' dir='ltr'><strong>extr.</strong></span> 
     </span>
     <span class='ocr_line' id='line_1_17' title="bbox 216 1977 1837 2059; baseline 0.001 -23"><span class='ocrx_word' id='word_1_105' title='bbox 216 1977 328 2036; x_wconf 90' lang='lat' dir='ltr'><strong>ubi</strong></span> <span class='ocrx_word' id='word_1_106' title='bbox 357 1978 790 2049; x_wconf 87' lang='lat' dir='ltr'><strong>Herennium,</strong></span> <span class='ocrx_word' id='word_1_107' title='bbox 840 1979 1045 2037; x_wconf 89' lang='lat' dir='ltr'><strong>civem</strong></span> <span class='ocrx_word' id='word_1_108' title='bbox 1072 1983 1455 2051; x_wconf 86' lang='lat' dir='ltr'><strong>Romanum,</strong></span> <span class='ocrx_word' id='word_1_109' title='bbox 1504 1998 1786 2059; x_wconf 84' lang='lat' dir='ltr'><strong>cogna·</strong></span> <span class='ocrx_word' id='word_1_110' title='bbox 1835 2044 1837 2048; x_wconf 11' lang='grc' dir='ltr'><em>Α</em></span> 
     </span>
     <span class='ocr_line' id='line_1_18' title="bbox 217 2093 840 2150; baseline 0.003 -2"><span class='ocrx_word' id='word_1_111' title='bbox 217 2103 387 2149; x_wconf 84' lang='lat' dir='ltr'><strong>tum</strong></span> <span class='ocrx_word' id='word_1_112' title='bbox 433 2112 622 2150; x_wconf 90' lang='lat' dir='ltr'><strong>suum</strong></span> <span class='ocrx_word' id='word_1_113' title='bbox 669 2093 840 2150; x_wconf 85' lang='lat' dir='ltr'><strong>dicit.</strong></span> 
     </span>
    </p>

    <p class='ocr_par' dir='ltr' id='par_1_7' title="bbox 215 2190 1855 2744">
     <span class='ocr_line' id='line_1_19' title="bbox 298 2190 1855 2286; baseline 0.002 -23"><span class='ocrx_word' id='word_1_114' title='bbox 298 2235 318 2251; x_wconf 57' lang='lat' dir='ltr'><strong>s</strong></span> <span class='ocrx_word' id='word_1_115' title='bbox 346 2190 602 2284; x_wconf 84' lang='lat' dir='ltr'><strong>Gnipho</strong></span> <span class='ocrx_word' id='word_1_116' title='bbox 665 2206 864 2266; x_wconf 86' lang='lat' dir='ltr'><strong>fuisse</strong></span> <span class='ocrx_word' id='word_1_117' title='bbox 927 2208 1161 2265; x_wconf 85' lang='lat' dir='ltr'><strong>dicitur</strong></span> <span class='ocrx_word' id='word_1_118' title='bbox 1247 2205 1579 2286; x_wconf 78' lang='lat' dir='ltr'><strong>ingenii</strong></span> <span class='ocrx_word' id='word_1_119' title='bbox 1645 2227 1785 2266; x_wconf 87' lang='lat' dir='ltr'><strong>ma·</strong></span> <span class='ocrx_word' id='word_1_120' title='bbox 1852 2277 1855 2280; x_wconf 14' lang='grc' dir='ltr'><em>Α</em></span> 
     </span>
     <span class='ocr_line' id='line_1_20' title="bbox 219 2322 1784 2401; baseline 0.002 -24"><span class='ocrx_word' id='word_1_121' title='bbox 219 2322 389 2401; x_wconf 83' lang='lat' dir='ltr'><strong>gni,</strong></span> <span class='ocrx_word' id='word_1_122' title='bbox 464 2323 890 2380; x_wconf 88' lang='lat' dir='ltr'><strong>memoriae</strong></span> <span class='ocrx_word' id='word_1_123' title='bbox 947 2322 1426 2401; x_wconf 78' lang='lat' dir='ltr'><strong>singularis.</strong></span> <span class='ocrx_word' id='word_1_124' title='bbox 1544 2326 1784 2381; x_wconf 87' lang='lat' dir='ltr'><strong>Auctor</strong></span> 
     </span>
     <span class='ocr_line' id='line_1_21' title="bbox 215 2436 1780 2514; baseline 0.001 -20"><span class='ocrx_word' id='word_1_125' title='bbox 215 2438 529 2495; x_wconf 87' lang='lat' dir='ltr'><strong>librorum</strong></span> <span class='ocrx_word' id='word_1_126' title='bbox 589 2439 664 2495; x_wconf 89' lang='lat' dir='ltr'><strong>ad</strong></span> <span class='ocrx_word' id='word_1_127' title='bbox 712 2436 1108 2495; x_wconf 85' lang='lat' dir='ltr'><strong>Herennium</strong></span> <span class='ocrx_word' id='word_1_128' title='bbox 1163 2457 1278 2514; x_wconf 91' lang='lat' dir='ltr'><strong>pro</strong></span> <span class='ocrx_word' id='word_1_129' title='bbox 1322 2436 1511 2494; x_wconf 91' lang='lat' dir='ltr'><strong>istius</strong></span> <span class='ocrx_word' id='word_1_130' title='bbox 1559 2436 1780 2496; x_wconf 77' lang='lat' dir='ltr'><strong>aetatis</strong></span> 
     </span>
     <span class='ocr_line' id='line_1_22' title="bbox 218 2548 1780 2629; baseline 0 -20"><span class='ocrx_word' id='word_1_131' title='bbox 218 2552 464 2610; x_wconf 88' lang='lat' dir='ltr'><strong>ratione</strong></span> <span class='ocrx_word' id='word_1_132' title='bbox 525 2567 621 2610; x_wconf 89' lang='lat' dir='ltr'><strong>sat</strong></span> <span class='ocrx_word' id='word_1_133' title='bbox 679 2552 931 2610; x_wconf 84' lang='lat' dir='ltr'><strong>beatum</strong></span> <span class='ocrx_word' id='word_1_134' title='bbox 992 2551 1328 2629; x_wconf 71' lang='lat' dir='ltr'><strong>ingenium</strong></span> <span class='ocrx_word' id='word_1_135' title='bbox 1398 2550 1521 2609; x_wconf 91' lang='lat' dir='ltr'><strong>sibi</strong></span> <span class='ocrx_word' id='word_1_136' title='bbox 1579 2548 1780 2609; x_wconf 84' lang='lat' dir='ltr'><strong>fuisse</strong></span> 
     </span>
     <span class='ocr_line' id='line_1_23' title="bbox 219 2665 1779 2744; baseline -0.002 -19"><span class='ocrx_word' id='word_1_137' title='bbox 219 2666 501 2725; x_wconf 86' lang='lat' dir='ltr'><strong>ostendit</strong></span> <span class='ocrx_word' id='word_1_138' title='bbox 561 2666 859 2725; x_wconf 87' lang='lat' dir='ltr'><strong>scientiae</strong></span> <span class='ocrx_word' id='word_1_139' title='bbox 920 2666 1094 2744; x_wconf 86' lang='lat' dir='ltr'><strong>copia</strong></span> <span class='ocrx_word' id='word_1_140' title='bbox 1117 2712 1130 2734; x_wconf 89' lang='lat'><strong>‚</strong></span> <span class='ocrx_word' id='word_1_141' title='bbox 1204 2665 1429 2722; x_wconf 88' lang='lat' dir='ltr'><strong>iudicii</strong></span> <span class='ocrx_word' id='word_1_142' title='bbox 1486 2665 1779 2722; x_wconf 90' lang='lat' dir='ltr'><strong>acumine</strong></span> 
     </span>
    </p>
   </div>
   <div class='ocr_carea' id='block_1_6' title="bbox 219 2777 1864 2854">
    <p class='ocr_par' dir='ltr' id='par_1_8' title="bbox 219 2777 1864 2854">
     <span class='ocr_line' id='line_1_24' title="bbox 219 2777 1864 2854; baseline -0.002 -15"><span class='ocrx_word' id='word_1_143' title='bbox 219 2801 290 2839; x_wconf 89' lang='lat' dir='ltr'><strong>ac</strong></span> <span class='ocrx_word' id='word_1_144' title='bbox 336 2781 729 2854; x_wconf 89' lang='lat' dir='ltr'><strong>sinceritate,</strong></span> <span class='ocrx_word' id='word_1_145' title='bbox 789 2796 998 2840; x_wconf 85' lang='lat' dir='ltr'><strong>comta</strong></span> <span class='ocrx_word' id='word_1_146' title='bbox 1034 2780 1353 2840; x_wconf 83' lang='lat' dir='ltr'><strong>facundia.</strong></span> <span class='ocrx_word' id='word_1_147' title='bbox 1427 2777 1778 2838; x_wconf 82' lang='lat' dir='ltr'><strong>Memoriae</strong></span> <span class='ocrx_word' id='word_1_148' title='bbox 1853 2847 1864 2854; x_wconf 27' lang='grc' dir='ltr'>ι</span> 
     </span>
    </p>
   </div>
  </div>
 </body>
</html>
