1924 3224
202 250 305 297 AD
349 250 846 295 HERENNLUM
895 236 1057 295 Lm.
1101 225 1224 294 11‘1.
1269 262 1351 304 15.
1396 252 1475 297 16.
1590 268 1687 323 95-

93 413 434 464 contentione
469 409 578 480 per'
600 411 1077 484 continuationem.
1176 412 1270 462 Sin
1306 422 1517 462 utemur
1554 431 1660 462 am·

66 483 426 566 Nplificatione
465 514 555 565 per
592 499 1203 567 conquestionem,
1260 495 1472 548 feminis
1513 499 1660 565 plan-

93 599 252 654 gere„
311 593 362 631 et
397 586 587 650 capitis
626 585 763 642 ictu,
805 589 1189 652 nonnunquam
1225 583 1408 633 sedato
1448 595 1500 632 et
1538 601 1659 633 con·
1734 572 1737 575 ,

92 669 257 717 stanti
295 678 473 739 gestu,
511 681 716 719 moesto
745 681 798 719 et
836 667 1156 719 conturbato
1194 668 1344 719 vultu
1385 670 1467 718 uti
1505 686 1659 735 opor-

93 753 245 803 tebit.
320 754 441 803 Non
479 771 596 802 sum
631 755 868 812 nescius,
911 764 1172 823 quantum
1210 757 1527 822 susceperim
1573 773 1659 804 ne-

93 840 258 910 gotii,
311 841 408 908 qui
457 850 638 888 motus
679 841 916 907 corporis
957 841 1243 906 exprimere
1286 839 1491 897 verbis,
1542 842 1660 889 imi-

92 926 194 973 tari
234 927 495 991 scriptura
533 920 750 974 conatus
792 927 892 973 sim
932 941 1103 975 voces.
1192 916 1383 976 verum
1422 936 1528 974 nec'
1558 924 1662 975 hoc

95 1007 334 1059 confisus
382 1012 499 1058 suin
545 1027 699 1076 posse
750 1007 900 1068 fieri,
966 1020 1031 1059 ut
1081 1009 1145 1059 de
1198 1007 1283 1059 his
1334 1008 1490 1060 rebus
1530 1013 1659 1061 satis

94 1095 373 1145 commode
411 1093 572 1143 scribi
607 1105 814 1161 posset3
879 1112 1004 1154 nec,
1057 1097 1103 1144 si
1143 1096 1201 1144 id
1235 1093 1356 1144 fieri
1395 1112 1500 1145 non
1542 1113 1660 1162 pos-

94 1191 201 1237 set,
249 1179 383 1238 hoc,
423 1179 583 1248 quod¹
610 1177 739 1238 feci,
803 1177 919 1230 fore
967 1179 1154 1228 inutile
1192 1178 1477 1246 putabam,
1539 1198 1659 1247 pro-

91 1276 270 1333 pterea
321 1265 469 1334 quod
518 1263 607 1313 hic
646 1265 929 1314 admonere
969 1264 1269 1322 voluimus,
1335 1264 1467 1333 quid
1506 1280 1658 1332 opor-

87 1361 257 1408 teret,
318 1350 523 1419 reliqua
570 1350 841 1399 trademus
888 1351 1268 1399 exercitationi.
1366 1352 1479 1400 Hoc
1523 1353 1657 1400 scire

93 1446 271 1485 tamen
320 1446 558 1502 oportet,
619 1437 1108 1502 pronuntiationem
1156 1433 1353 1484 bonam
1395 1435 1456 1485 id
1498 1433 1656 1502 perfl-

93 1537 240 1579 cere,
283 1532 345 1570 ut
380 1538 462 1569 res
500 1538 560 1568 ex
599 1522 777 1570 animo
815 1521 899 1589 agi
935 1519 1197 1570 videatur.

208 1608 288 1654 16.
336 1607 492 1654 Nunc
529 1605 596 1654 ad
633 1603 940 1653 thesaurum
977 1606 1346 1675 inventorum,
1401 1616 1558 1673 atque
1590 1604 1658 1657 ad

94 1692 335 1740 omnium
374 1691 607 1757 partium
644 1688 938 1739 rhetoricae
976 1689 1251 1739 custodem
1264 1725 1280 1750 ‚
1345 1691 1656 1739 memoriam

92 1786 439 1824 transeamus.

198 1862 526 1910 Memoria
585 1870 766 1908 utrum
837 1857 1032 1909 habeat
1091 1861 1343 1929 quiddam
1403 1858 1652 1920 artificii,

94 1963 161 1994 an
211 1947 383 1995 omnis
446 1962 475 1993 a
523 1957 713 1994 natura
760 1943 1162 2012 proficiscatur,
1240 1945 1384 1996 aliud
1446 1947 1656 1996 dicendi

93 2040 299 2096 tempus
337 2032 502 2100 magis
539 2031 790 2081 idoneum
829 2030 1059 2081 dabitur.
1134 2031 1287 2080 Nunc
1322 2031 1540 2098 perinde
1578 2043 1651 2080 at·

96 2131 201 2183 que
249 2126 486 2172 constet,
547 2109 603 2164 in'
649 2113 762 2182 hac·
794 2131 850 2167 re
900 2116 1128 2166 multum
1176 2116 1346 2167 valere
1396 2129 1563 2167 artem
1601 2102 1654 2166 et

93 2201 548 2266 praeceptionem,
623 2203 697 2250 ita
750 2218 808 2250 ea
858 2202 922 2252 de
969 2218 1025 2250 re
1075 2201 1371 2271 loquemur.
1480 2201 1654 2250 Placet

95 2285 237 2332 enim
274 2283 428 2337 nobis
466 2301 578 2334 esse
616 2284 906 2336 artificium
953 2289 1270 2345 me1noriae;
1333 2303 1496 2355 quare
1543 2286 1649 2353 pla-

97 2380 239 2426 ceat,
302 2368 430 2418 alias
489 2372 851 2432 ostendemus3
903 2374 973 2421 ”in
1020 2372 1312 2439 praesentia
1351 2371 1651 2421 cuiusmodi

95 2469 154 2501 ea
190 2444 289 2511 sit,
354 2456 660 2520 aperiemus.
748 2457 885 2507 Sunt
934 2459 1098 2528 igitur
1151 2456 1284 2504 duae
1334 2457 1648 2515 memoriae3

95 2556 200 2587 una
236 2539 524 2597 naturalis,
576 2540 735 2590 altera
773 2540 1078 2591 artificiosa.
1166 2541 1519 2589 Naturalis
1571 2552 1651 2590 est

96 2639 184 2680 ea,
219 2630 390 2692 'quae'
423 2626 618 2674 nostris
657 2628 845 2676 animis
882 2629 1039 2676 insita
1077 2638 1183 2684 est,
1248 2637 1299 2674 et
1334 2625 1490 2674 simul
1527 2637 1647 2674 cum

96 2709 418 2777 cogitatione
456 2721 608 2769 nata3
648 2709 1049 2762 artificiosa
1089 2723 1166 2761 est
1203 2728 1291 2769 ea,
1333 2729 1493 2779 quam
1526 2728 1646 2760 con-

97 2787 279 2842 firmat
311 2792 569 2844 inductio
601 2797 889 2865 quaedam,
954 2809 1018 2847 et·
1053 2798 1192 2848 ratio
1242 2797 1643 2865 praeceptionis.
