1878 3198
6 110 13 130 *0
3 0 32 71 >1:³⁶³

287 219 717 311 ammonio.
764 249 870 294 DE
914 244 1245 308 INVENT.
1304 220 1455 301 1945·
1576 239 1672 316 ,39

209 413 317 473 Pag.
345 420 448 467 250.
477 427 524 455 v.
539 421 619 454 21.
638 408 642 412 ’
678 390 1020 470 coi-reptus
1047 428 1106 439 —-·
1169 404 1275 448 Hoc
1309 416 1363 447 ut
1392 403 1675 462 exquisitius

125 511 172 543 et
199 499 381 568 aptius,
418 512 559 556 quam
597 493 731 553 vulg.
762 504 1109 540 correctus,
1142 489 1317 550 recepi
1347 505 1371 532 e
1402 489 1505 533 cod.
1539 490 1679 538 Voss.

123 596 166 629 2.
207 597 253 628 et
294 583 365 628 ed.
397 579 684 627 Omniboni.
963 570 975 582 ⁴

209 671 319 729 Pag.
347 678 445 723 251.
474 682 530 712 v.
546 667 586 710 6.
645 680 847 725 neque
892 664 1154 709 donatus
1199 674 1315 713 est,
1357 677 1557 721 neque
1590 661 1681 706 do-

124 755 208 800 mi
254 767 434 799 natus
491 765 586 797 est
628 777 687 786 —-
754 751 897 794 Hunc
939 747 1200 794 verborum
1244 738 1490 798 ordin'em‚
1541 747 1684 791 unice

126 857 297 888 verum
331 853 378 884 et
409 805 788 883 antecedentibus
819 831 1203 895 respondentem,
1238 846 1402 878 omnes
1431 819 1686 877 19138.οα-

128 927 267 971 dend.
300 925 615 972 confirmant,
656 922 740 982 qui
768 934 895 966 recte
924 919 1151 970 miratur,
1185 919 1390 962 editores
1418 918 1478 962 ab
1507 934 1562 963 eo
1595 917 1689 962 dis-

127 1011 346 1062 cessisse,
402 1010 487 1071 qui
541 1009 735 1053 inverso
794 1007 963 1051 ordine
1018 1006 1276 1050 dederunt:
1338 1004 1543 1065 neq'ue
1594 1003 1705 1048 do·¹

126 1097 212 1143 mi
252 1109 432 1141 natus
481 1108 595 1146 est,
648 1109 850 1154 neque
894 1091 1164 1135 donatus
1195 1078 1327 1133 ἐει

210 1170 320 1242 Ρειὲ.
354 1191 453 1236 251.
493 1197 539 1227 v.
583 1194 624 1241 9.
698 1178 879 1223 cuius
953 1176 1228 1237 praedae
1287 1175 1506 1238 *sectio
1562 1190 1688 1219 non
1749 1178 1754 1190 ⁸

125 1267 419 1314 venierit
458 1261 519 1303 -“
574 1265 684 1310 Sine
715 1263 866 1309 dubio
899 1263 966 1328 sic
996 1262 1269 1322 legendum.
1354 1263 1442 1304 Est
1471 1259 1693 1320 elliptica·

127 1353 361 1400 orationis
392 1353 572 1405 forma,
625 1351 760 1411 quasi
794 1350 976 1395 dictum
1007 1361 1150 1392 esset:
1196 1347 1251 1391 si
1300 1346 1435 1390 dici
1474 1346 1692 1405 possit

129 1456 202 1484 ex
254 1433 559 1483 hostibus
619 1452 813 1497 equus
874 1451 1004 1479 esse
1058 1434 1123 1477 in
1180 1432 1407 1493 praeda
1452 1445 1689 1491 captus,

128 1526 312 1570 cuius
364 1522 633 1584 praedae
689 1520 896 1564 sectio
954 1536 1077 1564 non
1128 1518 1437 1564 venierit.
1521 1521 1688 1578 Itaque

127 1627 227 1655 non
268 1621 360 1660 est,
419 1607 551 1667 quod
603 1605 923 1666 corrigamus,
992 1604 1103 1665 qui
1152 1596 1220 1647 in
1279 1603 1554 1663 praed-ae
1608 1618 1688 1646 se—

128 1697 344 1740 ctione
411 1708 536 1737 non
598 1691 926 1740 venierit,
1001 1703 1058 1733 ut
1117 1687 1385 1748 Purgoldus
1447 1687 1687 1748 opinatur.

126 1773 400 1825 Praedae
444 1777 672 1827 sectio,
729 1776 776 1821 h.
810 1792 848 1820 e.
877 1792 927 1819 ea
957 1791 1066 1835 pars
1094 1775 1317 1835 praedae,
1366 1789 1483 1833 quae
1515 1772 1572 1816 ad
1602 1788 1688 1833 po-

126 1866 295 1930 pulum
328 1865 622 1925 pertinebat,
654 1862 935 1922 plerumque
964 1860 1286 1910 vendebatur,
1321 1872 1367 1903 et
1394 1858 1599 1918 pecunia
1630 1873 1697 1920 ex¹

111 1949 407 2012 ,venditibne
450 1949 646 1994 collecta
688 1946 869 1991 aerario
928 1945 1234 1990 inferebatur.
1321 1946 1688 2004 Nonnunquam

128 2052 287 2094 tamen
326 2035 594 2081 intermissa
638 2046 706 2077 est
748 2033 942 2093 praedae
982 2033 1207 2077 sectionis
1257 2029 1507 2080 venditi03
1556 2030 1690 2090 qnod
1747 2028 1750 2031 ’

126 2123 171 2168 si
197 2123 360 2172 fieret,
402 2120 582 2163 milites
601 2152 612 2169 ‚
647 2108 953 2179 quaecunque
981 2135 1069 2178 pro
1100 2117 1272 2181 praeda
1303 2115 1563 2175 cepissent,
1595 2114 1690 2159 sibi
1742 2169 1743 2173 Ἰ

124 2224 310 2254 servare
341 2218 570 2267 poterant.
1547 2184 1551 2199 ’

214 2296 451 2352 Pag.251.
493 2308 541 2336 v.
581 2305 650 2334 10.
694 2307 762 2334 11.
834 2290 900 2334 id
950 2303 1040 2335 est
1092 2289 1425 2333 inductum
1474 2312 1534 2327 »-
1610 2286 1688 2330 Sic

127 2377 439 2423 scribendum
479 2388 603 2426 erat,
648 2391 746 2420 non
803 2375 868 2419 id
912 2377 998 2420 sit
1038 2376 1101 2418 in
1118 2368 1403 2424 ductum3
1453 2389 1562 2416 nam
1604 2372 1687 2415 hic

127 2476 199 2508 ott
252 2463 406 2506 oratio
465 2460 688 2512 definita,
745 2476 844 2504 non
887 2461 1112 2526 obliqua,
1170 2472 1225 2505 ut
1267 2459 1319 2502 in
1378 2450 1684 2518 sec'luentibus

125 2547 301 2594 verbis.
1682 2539 1683 2542 ’

211 2636 322 2693 Pag.
352 2643 449 2688 251.
494 2649 542 2677 v.
573 2641 644 2687 25.
676 2632 745 2676 26.
809 2633 872 2676 Si
926 2644 1120 2676 mater
1177 2643 1291 2682 est,
1352 2627 1588 2690 diligit
1632 2655 1687 2665 -

60 2695 62 2697 ’
126 2719 217 2763 Ea.
250 2718 450 2763 omnib.
486 2717 617 2761 addit
659 2717 905 2767 fnium,
962 2717 1093 2778 quod
1126 2716 1252 2761 abest
1280 2715 1515 2766 victorin.
1563 2715 1681 2758 Mss.

129 2802 348 2848 Oudend.
