1878 3198
242 222 350 274 550
712 182 1329 275 cicssnours

243 384 463 435 navem,
515 382 570 422 et
605 387 875 422 remanere
911 373 971 422 in*
994 375 1159 432 navi,
1227 373 1459 446 denique
1485 377 1645 436 navis
1679 377 1812 446 ipsa,
1861 377 1864 381 ’

243 458 379 527 quid
420 459 518 516 sit,
585 455 993 508 definitionibus
1027 460 1319 527 quaeritur.
1406 461 1601 512 Iisdem
1634 467 1814 513 au'tem
1864 505 1872 510 .

190 582 213 598 Α,
244 560 306 593 ex
331 543 462 594 locis
491 541 760 602 omnibuS,
801 541 997 613 quibus
1026 541 1305 599 definitiva
1330 534 1693 611 constitutio,
1704 558 1816 631 ιιι-
1867 602 1876 610 Ν

244 628 495 680 ctabitur.

350 726 436 775 52.
477 715 649 773 Nunc,
689 716 943 794 expositis
977 717 1044 766 iis
1072 718 1644 789 argumentationibus,
1679 720 1820 802 quae

241 803 302 853 in
334 789 588 857 iudiciale
625 818 902 859 causarum
929 819 1092 872 genus
1120 805 1618 865 accommodantur,
1668 787 1828 876 dein3

244 904 364 955 ceps
392 888 448 936 in
476 883 880 939 deliberativum
907 905 1072 961 genus
1101 901 1153 940 et
1185 890 1697 947 demonstrativum,
1737 905 1816 940 ar·

242 972 589 1045 gumentancli
625 972 772 1024 locos
810 986 863 1024 et
896 988 1175 1043 praecepta
1211 974 1490 1035 dabimus,
1551 993 1662 1027 non
1704 990 1816 1045 quo

241 1075 352 1122 non
375 1059 432 1108 in
458 1057 639 1127 aliqua
667 1061 1052 1119 constitutione
1080 1064 1253 1113 omnis
1293 1078 1498 1129 semper
1522 1078 1681 1112 causa
1705 1078 1816 1125 vet-

242 1155 421 1204 setur3
476 1144 570 1193 sed
597 1147 723 1214 quia
745 1149 948 1215 proprii
970 1160 1146 1198 tamen
1178 1147 1370 1198 harum
1396 1134 1674 1198 causarum
1701 1146 1821 1218 qui&
1876 1192 1878 1199 .

243 1230 366 1280 dam
404 1229 511 1280 loci
545 1242 699 1288 sunt,
762 1249 871 1281 non
909 1251 938 1296 ³3
980 1224 1362 1284 constitutione
1403 1233 1658 1302 separati,
1723 1230 1822 1282 se&

235 1316 321 1371 'acl
351 1313 486 1366 fines
520 1314 713 1366 horum
750 1332 1000 1386 generum
1041 1318 1444 1389 accommodati.
1536 1318 1671 1368 Nam
1708 1315 1817 1385 pla-

180 1431 189 1441 ·
243 1415 356 1463 cet,
395 1405 452 1452 in
479 1389 724 1452 iudiciali
749 1419 936 1472 genere
974 1400 1140 1452 finem
1177 1419 1290 1453 esse
1323 1404 1675 1474 aequitatem,
1713 1398 1818 1452 hoc
1875 1426 1878 1429 ·

244 1500 352 1547 est,
415 1499 620 1555 partem
658 1488 925 1556 quandam
963 1487 1277 1539 honestatis.
1363 1490 1423 1538 In
1467 1486 1815 1539 deliberativo

244 1586 421 1624 autem
455 1571 737 1623 Aristoteli
772 1572 944 1640 placet
983 1573 1302 1634 utilitatem;
1371 1572 1528 1625 nobis
1567 1585 1623 1624 et
1655 1571 1815 1624 hone·
1870 1608 1873 1612 -

243 1665 465 1718 statem,
516 1670 567 1708 et
597 1645 914 1718 utilitatenu
966 1660 1025 1709 -in
1060 1659 1480 1711 demonstrativo
1495 1669 1534 1719 ,’·
1570 1657 1816 1722 honesta-

243 1738 368 1796 tem.
459 1745 636 1810 Quare
670 1746 728 1793 in
752 1742 856 1794 hoc
890 1762 1106 1814 quoque
1130 1762 1318 1816 genere
1346 1762 1533 1795 causae
1557 1733 1818 1818 qiffiedam

245 1831 732 1903 argumentationes
787 1833 1167 1887 communiter,
1230 1848 1290 1879 ac
1335 1829 1580 1880 similiter
1627 1824 1841 1879 tracta-x

236 1916 471 1967 buntur:
512 1916 772 1984 quaedam
807 1917 1100 1982 separatius
1140 1915 1207 1964 ad
1244 1911 1440 1973 finem,
1494 1931 1604 1985 quo
1631 1909 1818 1964 referri

245 2018 457 2053 omnem
515 2003 811 2051 orationem
861 2010 1101 2068 oportet,
1165 2000 1537 2071 adiungentur.
1638 1995 1817 2070 Atque

244 2088 667 2156 uniuscuiusque
725 2086 1125 2136 constitutionis
1179 2085 1472 2153 exemplum
1517 2086 1817 2154 supponere

245 2190 355 2223 non
392 2188 759 2243 gravaremur,
789 2172 903 2230 *nisi
932 2171 1064 2220 illud
1093 2171 1421 2229 videremus,
1475 2171 1816 2241 quemadmo-

246 2260 374 2310 dum
397 2275 480 2307 res
508 2256 767 2308 obscurae·
799 2257 1024 2307 dicendo
1052 2253 1245 2306 fierent
1270 2257 1558 2324 apertiores
1575 2291 1591 2314 ,
1630 2257 1706 2306 sic
1731 2271 1815 2306 res

245 2356 485 2411 apertas,
539 2342 874 2392 obscuriores
914 2339 1034 2390 fieri
1067 2343 1327 2391 oratione.
1415 2342 1570 2392 Nunc
1598 2341 1667 2392 ad
1685 2341 1815 2392 *deli-

245 2427 535 2479 berationis
575 2439 851 2495 praecepta
887 2444 1182 2496 pergamus.

353 2525 438 2572 53.
480 2516 677 2586 Rerum
715 2512 1120 2580 expetendarum
1163 2513 1265 2562 tria
1306 2527 1494 2582 genera
1530 2523 1683 2573 sunt3
1721 2528 1817 2580 par

247 2611 424 2653 autem
451 2617 701 2650 numerus
730 2600 1063 2651 vitandarum
1093 2615 1153 2646 ex
1180 2599 1443 2648 contraria
1469 2584 1631 2665 parte.
1683 2598 1816 2648 Nam
1870 2647 1878 2667 ·.

248 2697 326 2735 est
363 2685 650 2754 quiddam,
703 2686 848 2755 quod
895 2703 988 2734 sua
1026 2685 1080 2733 vi
1115 2701 1212 2733 nos
1240 2683 1403 2732 allicit
1432 2684 1498 2733 ad
1525 2700 1666 2742 sese,
1706 2699 1816 2735 ιιοιι
1870 2681 1878 2725 ἱ·

249 2770 607 2822 emolumento
633 2783 849 2839 captans
880 2770 1088 2840 aliquo,
1141 2770 1235 2819 sed
1269 2767 1481 2819 trahens
1523 2770 1814 2841 suaxdigni·
1858 2778 1878 2821 ’Ξ
