1878 3198
212 230 887 277 RHETORICORUM
942 233 1104 277 LIB.
1145 234 1217 279 ΙΙ.
1265 240 1349 287 44.
1384 241 1464 289 45.
1550 249 1654 299 537

198 393 256 444 Si
307 391 501 442 aliud
552 393 858 441 sensisse
906 394 1162 460 scriptor,
1227 392 1424 444 aliud
1483 397 1656 445 scri-

20 511 22 514 >
87 480 311 549 psisse
349 478 584 536 dicetur,
619 479 703 535 is:
737 479 830 546 qui
871 475 1078 545 scripto
1106 476 1321 538 utetur,
1354 477 1458 528 hoc
1496 480 1656 539 dicet,

89 583 201 616 non
249 575 495 632 oportere
541 564 606 613 de
655 565 768 613 eius
816 563 1093 615 voluntate
1132 581 1241 621 „nos
1280 548 1658 636 argumentari,-

60 652 216 721 ²qui,
273 667 338 699 ne
388 650 445 700 id
482 647 652 698 facere
689 667 992 716 possemus,
1050 650 1308 699 indicium
1346 650 1503 700 nobis
1540 652 1657 700 reli-

92 737 270 805 querit
308 734 780 792 suae·voluntatis;
820 735 988 784 multa
1020 736 1358 807 incommoda
1383 739 1656 806 consequi,

92 822 140 870 si
173 822 514 878 instituatur,
555 832 615 868 ut
644 837 674 867 a
706 821 902 887 scripto
930 821 1221 870 recedatur.
1308 823 1442 871 Nam
1468 834 1520 872 et
1547 840 1657 905 eos),

93 895 187 975 qui
215 905 417 974 aliquid
450 905 709 963 scribant,
773 921 883 953 non
914 907 1334 965 existimaturos,
1387 907 1471 965 id,
1514 908 1661 978 quod

93 994 428 1058 scripserint,
478 1001 652 1038 ratum
690 986 983 1054 futurum3„
1013 1002 1065 1039 et
1093 1007 1213 1047 eos,
1268 993 1361 1060 qui
1400 993 1658 1052 iudicent,
1698 1006 1700 1008 '

94 1087 324 1134 certum,
365 1076 511 1145 quod
542 1086 859 1143 sequantur,
900 1073 1034 1124 nihil
1058 1073 1369 1134 habituros,
1421 1071 1467 1126 si
1503 1079 1664 1128 semel

5 1148 21 1218 ,Ι
93 1179 124 1211 a
152 1157 349 1228 scripto
386 1161 626 1210 recedere
666 1162 1050 1210 consueverint.
1141 1161 1303 1227 Quod
1343 1164 1387 1211 si
1419 1163 1663 1214 voluntas

38 1235 40 1241 ¹
94 1248 370 1314 scriptoris
413 1245 768 1297 conservanda
809 1246 908 1303 sit,
962 1262 1048 1303 se,
1099 1262 1208 1295 non
1236 1248 1594 1307 adversarios,
1634 1268 1665 1298 a

93 1331 372 1383 voluntate
414 1334 526 1380 eius
566 1342 721 1380 stare.
796 1331 931 1380 Nam
963 1331 1132 1380 multo
1157 1334 1376 1398 propius
1417 1335 1663 1384 accedere

95 1418 163 1468 ad
189 1419 465 1484 scriptoris
494 1416 822 1467 voluntatem
851 1433 999 1475 eum,
1050 1418 1143 1486 qui
1180 1434 1239 1466 ex
1267 1420 1432 1484 ipsius
1461 1437 1574 1469 eam
1602 1420 1662 1468 li-

93 1505 224 1552 teris
252 1505 644 1569 interpret-etur,
685 1519 845 1570 quam
868 1501 1037 1556 illum,
1078 1503 1171 1569 qui
1195 1506 1511 1553 sententiam
1539 1506 1661 1554 scri-

93 1590 266 1655 ptoris
305 1605 413 1637 non
451 1605 511 1636 ex
546 1589 714 1654 ipsius
757 1589 954 1652 scripto
985 1598 1212 1652 spectet,
1253 1590 1396 1657 quod
1423 1589 1510 1637 ille
1540 1576 1666 1638 suae

94 1672 390 1723 voluntatis
427 1674 582 1740 quasi
619 1673 903 1741 imaginem
938 1672 1241 1740 reliquerit,
1284 1674 1375 1723 sed
1417 1674 1666 1723 domesti-

28 1750 31 1752 ’
63 1772 66 1780 “
97 1760 170 1807 cis
209 1756 600 1824 suspicionibus
633 1768 1005 1823 perscrutetur.
1558 1745 1561 1748 ¹

195 1844 280 1906 45.
311 1843 404 1892 Sin
433 1859 587 1891 caus
607 1860 700 1890 am
729 1840 908 1890 afferet
931 1843 996 1898 is,
1027 1842 1122 1910 qui
1146 1859 1175 1889 a
1203 1843 1461 1891 sententia
1484 1841 1664 1902 stabit,

3 1973 18 1998 ,-
99 1929 330 1996 primum
369 1929 470 1976 erit
506 1940 690 1976 contra
720 1927 1031 1976 dicendum:
1073 1945 1231 1994 quam
1257 1926 1545 1977 absurdum
1578 1930 1667 1985 sit,
1697 1985 1699 1989 .

7 2004 10 2011 ¹
100 2031 210 2063 non
246 2030 436 2082 negare
476 2024 658 2061 contra
695 2013 863 2082 legem
891 2010 1110 2070 fecisse,
1151 2013 1243 2062 sed
1270 2030 1432 2082 quare
1466 2011 1683 2071 fecerit,

56 2162 57 2165 Ἴ
103 2115 314 2147 causam
367 2097 601 2165 aliquam
665 2099 928 2157 invenire;
1005 2098 1194 2147 deinde
1256 2115 1506 2155 conversa
1559 2115 1670 2147 esse

103 2184 314 2241 omnia3
356 2193 476 2231 ante
514 2182 699 2231 solitos
740 2200 851 2231 esse
892 2195 1225 2231 accusatores
1259 2181 1526 2231 iudicibus
1558 2199 1669 2249 per·

100 2268 352 2324 suadere,
396 2264 607 2315 affinem
647 2284 757 2316 esse
794 2268 1016 2316 alicuius
1056 2267 1238 2334 culpae
1276 2284 1425 2324 eum,
1467 2269 1560 2335 qui
1592 2284 1670 2315 ac·
1742 2273 1743 2276 ’

105 2363 406 2410 cusaretur3
448 2369 659 2400 causam
696 2351 964 2419 proferre,
1020 2369 1154 2420 quae
1191 2368 1311 2399 eum
1352 2352 1418 2401 ad
1456 2369 1669 2418 peccan-

106 2436 233 2486 dum
272 2436 596 2503 impulisset3
637 2455 777 2486 nunc
815 2440 989 2505 ipsum
1028 2454 1174 2485 reum
1210 2454 1420 2485 causam
1456 2435 1668 2495 inferre,

79 2538 268 2590 ¹quare
307 2521 604 2589 deliquerit.
702 2524 906 2573 Deinde
950 2522 1087 2594 hanc
1135 2522 1389 2570 inducere*
1424 2524 1669 2588 >partitio-

76 2622 253 2664 .nem‚
322 2608 470 2655 cuius
524 2607 578 2654 in
628 2607 859 2678 singulas
902 2620 1074 2674 partes
1113 2606 1308 2654 multae
1363 2609 1674 2656 convenient

5 2678 44 2727 ἰ
109 2693 619 2761 argumentationes:
658 2696 920 2759 primum,
961 2692 1103 2740 nulla
1143 2694 1199 2740 in
1228 2691 1339 2762 lege
1365 2691 1527 2740 ullam
1553 2708 1671 2741 cau-

110 2791 220 2840 sam
263 2788 447 2825 contra
488 2778 741 2843 scriptum
778 2781 947 2846 accipi
975 2779 1283 2836 convenire;
1339 2777 1558 2833 deinde,
1626 2777 1671 2824 si

175 2869 262 2907 Cic.
288 2869 469 2909 Rhe-tor.
522 2870 612 2909 Vol.
639 2872 673 2907 l.
1348 2916 1353 2926 ¹
1545 2876 1610 2931 22
