1878 3198
232 182 665 246 RiIEToRm.
706 201 808 245 DE
851 163 1172 258 -ΙΝΣῩΕΝΤ,
1232 206 1292 248 Π.
1324 212 1531 265 47-49·
1603 211 1697 270 261

140 358 332 418 aliquid
378 374 438 403 ex
482 359 585 418 ipsa
630 360 866 421 scriptura
906 361 963 406 ad
1005 377 1139 406 suam
1187 378 1373 407 causam
1414 371 1709 410 conve1·tere.‘

141 444 285 504 Vulg.
337 444 400 488 in
427 461 487 489 re
516 458 680 490 ortum
713 463 808 491 esse
836 446 1032 492 videtur
1061 464 1119 492 ex
1148 447 1388 493 scribendi
1414 450 1704 511 compendio

136 524 300 574 rone
338 532 751 590 pro·ratione.

226 617 335 676 Pag.
372 623 471 673 544.
517 632 565 661 v.
604 625 647 672 3.
719 633 967 661 omnem
1018 618 1155 663 eius
1195 619 1325 662 vim
1368 645 1428 655 -—
1506 619 1706 670 illam,

142 701 270 761 quod
316 702 510 745 additur
539 715 649 762 post
689 719 944 754 omnem,
986 702 1119 748 abest
1148 705 1241 748 Ms.
1275 706 1421 756 Cass„
1465 717 1510 749 et
1538 707 1708 767 utique

138 785 220 830 hic
249 802 446 848 prorsus
485 787 699 832 otiosum
732 802 813 832 est.

661 932 809 991 Cap.
867 932 1170 979 XLVIII.

221 1045 330 1105 Pag.
366 1051 467 1100 544.
510 1060 559 1088 v.
604 1060 676 1088 10.
742 1045 903 1088 Loci
957 1058 1170 1089 autem
1212 1039 1572 1090 communes
1626 1061 1707 1091 ce-

138 1130 260 1173 neri
288 1156 347 1165 --
427 1134 497 1174 Ita
525 1131 579 1173 in
611 1131 725 1174 Mss.
760 1131 981 1175 Oudend.
1011 1131 1216 1191 legitur,
1258 1147 1406 1191 quum
1439 1144 1572 1174 antea
1604 1130 1708 1174 ed‘e-

139 1229 268 1259 retur
295 1214 326 1259 l.
359 1233 397 1259 a.
432 1232 471 1260 c.
516 1216 727 1264 certis.
808 1217 1024 1261 Ceteri
1068 1217 1335 1277 opponitur
1363 1216 1454 1266 iis,
1496 1216 1583 1276 qui
1619 1227 1707 1261 sta-

137 1301 225 1344 tim
259 1317 290 1361 p
303 1317 328 1343 r
342 1317 366 1344 a
381 1317 405 1344 e
420 1314 439 1345 t
451 1299 475 1344 e
490 1317 515 1344 1·
530 1318 553 1345 e
567 1319 592 1345 a
621 1313 962 1350 memorantur,
988 1301 1141 1346 locis.

710 1443 855 1502 Cap.
916 1441 1140 1487 XLIX.

219 1558 327 1615 Pag.
361 1563 459 1611 345.
490 1568 604 1600 v.2.
634 1567 675 1610 5.
736 1554 867 1599 sibi
903 1557 969 1599 in
1024 1555 1299 1616 praemii
1342 1555 1486 1601 loco
1527 1579 1586 1591 —·
1626 1550 1708 1620 ⁴fixi

132 1654 259 1686 recte
288 1641 475 1685 addidit
507 1640 725 1685 Oudend.
760 1657 784 1684 e
819 1642 932 1684 Mss.
969 1641 1068 1684 suis
1101 1641 1341 1686 omnibus.

220 1730 330 1787 Pag.
370 1734 475 1783 545.
515 1743 563 1770 v.
598 1735 664 1781 18.
731 1724 920 1776 illud,
977 1727 1147 1786 quod
1207 1726 1708 1786 permittitur—-

132 1812 329 1857 Ernesti
384 1812 588 1857 malebat
639 1810 811 1855 illud
864 1810 1059 1856 abesse.·
1118 1813 1366 1857 Concinne
1422 1825 1579 1856 tamen
1621 1811 1703 1855 hic

133 1896 305 1941 illud
349 1883 618 1958 oppdnitur
663 1897 968 1956 praecedenti
1011 1898 1089 1946 id.

219 1987 328 2044 Pag.
367 1993 474 2043 345.
530 2001 578 2029 v.
617 1996 688 2027 20.
753 1998 953 2041 poena
1004 1993 1062 2020 ·'--
1130 1983 1268 2027 Eieei
1328 1982 1701 2038 afficiatur,

134 2086 303 2130 parum
342 2068 423 2113 hic
470 2083 649 2130 aptum.
736 2067 957 2133 Oudend.
1007 2069 1283 2113 emendabat
1331 2068 1713 2112 adiiciatur.·

136 2156 227 2200 Sed
272 2171 331 2200 ex
386 2154 632 2203 Victorini
684 2153 1076 2213 interpretatione
1133 2167 1285 2213 patet,
1348 2170 1458 2198 eum
1498 2153 1702 2198 verbum

134 2254 463 2287 statuatur
506 2256 651 2299 aeque
682 2239 738 2281 ad
769 2254 877 2283 voc,
919 2255 1143 2297 poena,
1193 2253 1330 2299 atque
1378 2239 1435 2283 ad
1483 2238 1568 2282 illa
1597 2256 1703 2282 ma·

135 2328 233 2370 ior
299 2343 497 2386 poena
561 2325 770 2368 traxisse.
887 2324 966 2368 Sic
1022 2325 1152 2369 enim
1207 2324 1319 2376 ille:
1395 2326 1546 2368 Utra
1600 2324 1703 2368 lex

131 2428 391 2473 poenam
437 2410 798 2454 constituat
838 2410 918 2459 ei,
971 2410 1239 2469 quinon
1287 2409 1697 2469 obtemperet,

131 2510 277 2542 utra
319 2495 636 2540 maiorem
680 2511 956 2555 poenam.

220 2584 331 2641 Pag.
356 2589 454 2637 545.
485 2598 533 2627 v.
559 2594 628 2624 21.
660 2594 728 2625 22.
774 2580 1305 2640 diligentissime
1346 2593 1565 2624 sancta
1609 2592 1701 2624 est

138 2691 195 2700 -
251 2667 452 2727 Optime
496 2666 616 2711 hanc
659 2665 919 2710 lectionem
971 2665 1186 2709 defendit
1226 2665 1502 2710 Lambinus.
1574 2666 1697 2711 Nam

140 2766 251 2797 ante
315 2769 425 2796 eum
496 2751 747 2797 edebatur:
831 2767 984 2810 quae
1051 2750 1577 2812 diligentissima
1641 2763 1700 2792 et
