1878 3198
290 227 392 273 AD
440 224 947 271 HERENNIUM
1003 224 1163 274 LIB.
1213 227 1312 276 IV.
1357 222 1440 282 52'.
1563 240 1661 290 175

61 445 63 450 f
92 397 243 438 suete
264 378 579 461 fortunam.
664 385 791 434 Nos
814 378 1253 458 quoquefuimus
1290 385 1434 436 beati
1445 405 1467 446 ;
1504 404 1663 438 nosce

93 484 148 523 te
187 490 299 521 esse
338 473 617 522 hominem.
690 475 763 522 At
789 472 904 522 ille:
973 470 1121 551 Quin
1148 471 1295 521 illum
1336 472 1469 521 mihi
1494 473 1661 533 datis,

93 576 160 607 ac
181 574 282 607 vos
306 555 526 606 auribus
554 557 686 607 meis
713 556 998 620 opplorare
1021 557 1310 608 desinitis?
1348 574 1454 607 non
1477 556 1661 628 abibit3

93 643 177 694 llli
207 645 485 697 nuntiatur
511 644 712 692 interea
739 643 943 692 venisse
967 643 1162 699 istum,
1218 654 1269 692 et
1295 643 1524 714 clamore
1557 661 1664 692 ma-

93 731 238 780 ximo
285 739 509 779 mortem
576 729 786 778 minari.
900 727 1060 793 Quod
1115 726 1274 776 simul
1322 739 1382 777 ut
1432 730 1663 780 audivit:

95 813 280 875 IIeus,
319 816 526 884 inquit,
573 813 803 878 Gorgia,
842 813 1160 880 pedisseque
1191 829 1508 878 puerorum,
1549 812 1665 862 abs-

96 900 512 964 condepuems
531 915 553 957 ;
633 891 868 972 defende
878 916 901 957 ;
948 891 1087 973 fac,
1156 908 1216 947 uc
1265 898 1547 948 incolumes
1592 898 1670 946 ad

95 985 512 1034 adolescentiam
547 985 828 1049 perducas.
918 987 1018 1038 Vix
1056 983 1186 1035 haec
1224 986 1454 1043 dixerat,
1499 1002 1668 1053 quum

96 1088 214 1120 ecce
265 1074 367 1123 iste
404 1083 647 1139 praesto,
698 1070 887 1119 Etiam
930 1069 1108 1130 sedes,
1172 1073 1378 1141 inquit,
1442 1068 1684 1123 audax?

81 1174 204 1206 »non
253 1173 367 1205 vox
415 1174 530 1204 mea
579 1154 681 1206 cibi·
716 1157 890 1204 vitam
938 1153 1182 1205 ademit?
1242 1154 1396 1221 exple
1439 1153 1666 1202 inimici·

96 1243 209 1292 tias
261 1259 434 1303 meas,
523 1251 576 1290 ec
624 1240 958 1290 iracundiam
1005 1250 1197 1289 satura
1243 1251 1338 1290 cuo
1388 1240 1666 1304 sanguine.

94 1329 187 1379 Ille
237 1346 360 1379 cum
408 1326 600 1395 magno
650 1329 872 1393 spiritu,
939 1325 1260 1386 metuebam,
1331 1327 1538 1395 inquit,
1604 1341 1668 1372 ne

93 1413 253 1480 plane
292 1412 473 1460 victus
516 1427 700 1459 essem.
775 1411 941 1459 Nunc
971 1410 1167 1469 video;
1222 1411 1277 1459 in
1322 1410 1522 1460 iudicio
1565 1427 1666 1458 me-

95 1516 213 1548 cum
241 1496 556 1546 contendere
583 1512 689 1543 non
713 1496 831 1553 vis,
883 1493 972 1544 ubi
997 1496 1244 1559 superari
1267 1496 1664 1561 turpissimum,

82 1594 151 1633 ‚ec
191 1599 446 1648 superare
483 1580 900 1645 pulcherrimum
938 1590 1056 1638 esc;
1121 1573 1428 1653 interficere
1453 1598 1532 1628 me
1557 1580 1664 1629 vis.

102 1668 342 1720 Occidar
366 1666 606 1734 equidem
624 1703 640 1725 ,
692 1665 787 1714 sed
816 1667 997 1715 victus
1024 1683 1130 1715 non
1162 1665 1362 1732 peribo.
1436 1667 1506 1716 At
1534 1668 1663 1716 iste:

97 1757 170 1804 Iu
207 1764 444 1804 extremo
483 1752 634 1800 vitae
667 1761 908 1817 tempore
943 1753 1104 1801 etiam
1145 1753 1441 1802 sentencias
1491 1750 1667 1818 loque-

100 1841 220 1890 ris?
267 1852 430 1906 neque
469 1838 547 1897 ei,
586 1855 737 1904 quem
780 1838 935 1886 vides
977 1838 1276 1899 dominari,
1332 1838 1422 1886 vis
1463 1834 1668 1903 suppli-

98 1925 259 1975 care?
322 1928 460 1975 Tum
498 1924 715 1974 mulier:
771 1925 876 1972 imo
906 1923 1118 1991 quidem
1159 1923 1246 1971 ille
1274 1933 1434 1988 rogat
1462 1932 1515 1970 ec
1541 1939 1666 1988 sup·
1709 1936 1711 1938 ’

97 2009 302 2074 plicam
353 2008 448 2058 sed
487 2019 576 2070 cu,
628 2025 857 2075 quaeso,
919 2025 1284 2066 commovere;
1345 2018 1395 2056 ec
1435 2019 1521 2068 tu,
1569 2023 1668 2073 pcr

101 2095 257 2154 deos,
310 2096 515 2163 inquit,
568 2094 707 2142 hunc
754 2093 1139 2159 examplexare.
1232 2093 1513 2144 Dominus
1553 2103 1670 2150 esc;

100 2179 238 2228 vicit
271 2179 360 2226 lu'c
396 2189 478 2236 ce,
520 2179 672 2226 vince
711 2189 772 2228 cu
809 2197 946 2228 nunc
985 2181 1236 2230 animum.
1276 2207 1347 2217 -—-
1404 2178 1550 2257 Quin
1578 2177 1665 2226 de-

101 2264 267 2322 sinis,
319 2266 526 2333 inquit,
592 2280 758 2323 uxor,
823 2265 999 2333 ioqui,
1063 2282 1197 2332 quae
1235 2282 1315 2312 me
1356 2264 1525 2328 digna
1561 2279 1667 2310 nou

102 2349 271 2399 sunt?
327 2347 476 2408 tace,
541 2358 622 2406 ec,
686 2366 821 2416 quae
859 2350 1098 2398 curanda
1138 2358 1292 2406 sunt,
1346 2366 1490 2399 cura.
1586 2350 1666 2397 Tu

102 2452 281 2484 cessas
318 2435 450 2482 mihi
486 2434 691 2495 vibam,
740 2435 840 2484 tibi
878 2452 1080 2484 omnem
1117 2432 1242 2483 bene
1268 2434 1491 2483 vivendi
1520 2451 1667 2498 spem

106 2539 220 2569 mea
257 2531 426 2568 morte
465 2507 706 2585 eripere?
777 2522 882 2570 Iste
934 2520 1206 2569 mulierem
1259 2519 1454 2586 repulit
1503 2518 1568 2567 ab
1613 2535 1668 2568 se

53 2632 61 2635 -
103 2604 505 2665 lamentantem3
571 2605 680 2664 illi,
743 2608 923 2656 nescio
974 2606 1104 2675 quid
1144 2605 1422 2671 incipienti
1474 2605 1664 2661 dicere,

105 2692 251 2760 quod
286 2693 504 2762 dignum
544 2691 786 2742 videlicet
821 2691 964 2740 illius
1002 2692 1197 2740 virtute
1225 2700 1391 2746 esset,
1433 2688 1668 2758 gladium

106 2777 161 2824 in
183 2777 346 2826 latere
372 2774 619 2827 defixit.“
704 2778 841 2826 Puto
879 2778 934 2824 in
959 2774 1063 2824 hoc
1089 2772 1324 2842 exemplo
1364 2774 1516 2823 datos
1554 2789 1666 2822 esse
