1878 3198
6 140 8 147 v
4 0 28 113 225⁵&

1027 40 1046 56 t

346 198 449 243 AD
507 188 995 251 HERENNIU'M
1051 199 1134 246 Ν.
1165 209 1235 252 27.
1267 205 1335 254 28.
1372 211 1444 258 29.
1574 217 1671 270 ¹⁰9

203 356 314 415 Pag.
357 361 452 409 145.
503 371 551 399 v.
593 369 635 414 9.
708 356 1067 403 adhibenda
1098 374 1121 401 e
1139 373 1159 402 s
1176 369 1196 400 t
1253 379 1307 390 -
1385 356 1480 398 Hic
1521 352 1672 414 vulgo

119 439 358 485 adduntur
387 440 554 507 verba:
597 443 716 486 Hae
762 455 885 487 tres
927 443 1385 487 exornationes
1427 438 1502 484 de.
1541 441 1676 484 sim-

117 533 149 584 'P
165 524 214 568 li
228 520 285 569 ei
326 518 393 587 ge
409 542 440 570 n
458 542 482 570 e
497 543 522 569 r
537 543 560 570 e
604 544 652 570 m
669 545 693 571 a
707 546 738 572 n
753 546 819 573 an
834 542 852 573 t
867 545 879 579 ;
941 546 1058 589 quae
1106 543 1246 572 sensu
1273 526 1450 571 idoneo
1480 509 1681 585 prorsuis

120 624 291 656 carent.
364 613 490 658 Nam
533 613 650 672 quid
693 627 762 658 est
800 613 854 658 in
895 614 1287 678 exornationibus
1331 612 1485 657 tribus
1497 645 1510 662 ,
1557 626 1676 671 quae

118 698 339 756 proxime
370 699 675 751 antecedunt,
721 715 787 744 co
804 703 1161 751 rrectione,
1213 716 1316 745 occ
1333 697 1675 747 ultatione,

121 783 183 827 di
197 800 217 828 s
231 784 294 826 iu
309 798 341 827 n
357 800 380 828 c
396 785 445 828 ti
462 800 488 828 o
501 802 533 828 n
548 802 571 829 e
584 818 598 836 ‚
642 801 728 830 cur
782 802 857 830 eae
901 787 1116 830 dicantur
1157 786 1213 830 de
1253 785 1466 849 simplici
1507 798 1678 844 genere

122 870 311 913 manare
325 869 349 912 (ἓ
409 873 473 914 Et
514 872 629 930 quid
672 870 918 932 significat
957 872 1005 917 h.
1035 872 1066 917 1.
1111 872 1163 917 si
1177 871 1301 932 m-pl
1317 888 1340 914 e
1353 883 1386 914 x
1444 886 1475 930 g
1489 858 1560 913 dn
1573 887 1603 913 u
1618 885 1636 912 s
1650 866 1676 911 ἵ)

122 954 212 998 Sed
237 953 420 1001 scilicet
443 956 531 1000 ista
559 957 809 1016 glossatori
848 958 1095 1009 debentur,
1125 958 1228 1018 qui,
1259 957 1389 1014 quod
1411 956 1504 999 iam
1529 953 1681 1013 sequi·

121 1051 199 1084 tur
242 1041 841 1102 conduplicationis
882 1042 1066 1104 figura,
1110 1042 1379 1089 somniabat
1406 1040 1678 1102 aliquid'de
1723 1073 1760 1106 .-

122 1125 420 1186 simplici
460 1143 715 1188 genere,
746 1130 904 1174 nescio
937 1145 1049 1191 quo.

655 1330 796 1389 Cap.
855 1331 1153 1378 XXVIII.

208 1483 315 1542 Pag.
359 1490 454 1537 145.
508 1485 555 1528 ir.
587 1501 653 1528 11.
723 1485 1178 1530 miser-ationis
1206 1484 1264 1518 -—'-
1322 1484 1401 1528 Sic
1439 1482 1542 1528 cod.
1579 1480 1681 1526 Erf.

124 1578 171 1610 et
195 1567 317 1611 Pith.
370 1567 538 1628 ‘Vulgo
579 1570 1185 1615 commiserationis.
1342 1563 1344 1565 ¹

209 1683 317 1740 Pag.
364 1689 458 1736 145.
513 1698 561 1726 v.
606 1696 658 1726 12
701 1709 759 1719 -
812 1691 880 1738 14.
969 1671 1306 1727 Tumultus
1368 1679 1676 1729 Gracchi,

127 1765 400 1822 Gracchi
431 1767 842 1813 tumultus‘—
872 1782 1327 1828 comparant—
1385 1768 1462 1811 Sic
1504 1766 1684 1827 optime

127 1852 338 1895 correxit
363 1852 594 1898 Graevius
632 1854 910 1914 vulgatum:
954 1857 995 1899 T
1011 1873 1041 1899 u
1055 1872 1104 1898 m
1119 1854 1210 1900 ult
1224 1872 1255 1899 u
1269 1871 1288 1899 s
1321 1855 1374 1900 C.
1407 1854 1449 1898 G
1462 1870 1522 1897 ra
1538 1869 1562 1896 c
1577 1868 1601 1896 c
1616 1850 1680 1895 hi

129 1936 450 1981 tumultus
479 1963 537 1972 —
565 1953 913 1999 comparat.

211 2052 319 2108 Pag-
366 2051 462 2104 146,
519 2069 568 2097 V-
609 2061 674 2108 18.
772 2045 951 2113 quum
1011 2055 1156 2110 bene
1216 2065 1377 2099 esset
1432 2031 1683 2095 intelle*

131 2148 295 2178 ctum
337 2162 396 2171 —-
434 2139 660 2197 Expunxi
701 2138 869 2190 verba,
914 2158 1034 2200 quae
1074 2139 1225 2200 vulgo
1257 2126 1567 2200 praecedunt:
1601 2137 1682 2182 di·

131 2219 260 2265 luci
274 2222 304 2265 d
321 2240 353 2266 u
365 2239 414 2266 m
457 2239 481 2267 e
493 2240 512 2268 s
528 2240 548 2268 s
561 2239 584 2267 e
601 2237 643 2274 t,
687 2237 750 2268 ut
778 2249 835 2258 —-
867 2242 986 2285 quae
1014 2225 1405 2285 interpolatorem
1432 2224 1578 2269 olent.

701 2423 834 2484 Cap.
893 2425 1119 2469 XXIX.
1160 2437 1162 2439 ·
1612 2439 1634 2448 *

215 2579 325 2636 Pag.
368 2578 462 2631 146.
512 2588 670 2633 v.·25.
748 2580 870 2626 Vos
909 2555 1002 2623 me
1036 2593 1260 2624 vestro
1317 2604 1393 2618 -.
1430 2582 1685 2630 Vestro,
1756 2589 1763 2596 ’“

135 2663 260 2721 quod
295 2663 346 2728 in
376 2665 541 2709 ceteris
571 2664 725 2715 abest,
765 2666 995 2726 proba-nte
1025 2666 1373 2727 Oudendorpio
1404 2682 1429 2710 e
1459 2668 1577 2712 Mss.
1610 2665 1687 2710 ad-

131 2746 346 2793 ieeimus.
