1924 3224
325 295 1543 375 SUMMAR-IU‘M

548 462 821 508 LIBRI·
873 460 1319 506 SECUNDI.

150 629 221 697 In
263 649 358 696 hoc
397 649 524 695 libro
570 661 736 695 auctor
772 648 1027 710 praemissa
1082 645 1220 692 brevi
1244 664 1249 670 ¹
1274 661 1424 707 quum
1477 646 1720 694 dictorum

151 722 387 783 superiori
426 721 551 766 libro
595 734 696 766 tum
730 720 1040 765 dicendorum
1084 735 1266 763 summa
1309 719 1393 774 (c.
1440 721 1524 777 ι.)
1565 722 1724 781 pergit

151 810 410 854 exponere,
465 809 582 853 quae
628 793 685 836 ad
729 790 1295 837 confirmationem
1341 802 1386 834 et
1433 793 1727 837 confuta·

151 865 394 910 tionem
435 864 487 908 in
531 879 696 924 genere
734 863 956 907 iudiciali
994 862 1259 922 pertinent;
1321 862 1388 906 ita
1430 875 1483 907 ut
1522 863 1724 909 initium

147 935 294 985 faciat
323 935 578 986 docend'i‚-
604 934 777 995 quibus
814 932 1309 994 argumentationibus
1348 934 1400 978 in
1446 951 1724 998 unaquaque

151 1021 281 1070 parte
310 1007 493 1068 generis
522 1006 763 1051 iudicialis
792 1007 866 1050 uti
896 1004 1164 1050 conveniat.
1202 1005 1248 1063 ¹(
1272 1019 1310 1049 c.
1352 1016 1379 1048 2
1402 1030 1436 1036 -ν
1464 1018 1530 1060 17.
1557 1008 1580 1063 )

237 1081 400 1139 Itaque
443 1078 654 1139 primum
701 1093 739 1121 c.
783 1089 824 1121 2.
869 1093 994 1136 seqq.
1037 1076 1094 1119 de
1125 1083 1258 1119 causa
1288 1075 1726 1124 coniecturali

153 1151 276 1210 agiu
333 1165 379 1194 et
423 1149 648 1210 quoniam
692 1147 835 1191 huius
880 1144 1239 1192 constitutionis
1282 1162 1363 1190 sex
1403 1159 1555 1207 partes
1598 1162 1723 1202 sunt,

152 1223 252 1282 agit
295 1215 333 1266 i.
378 1222 435 1266 de
475 1219 835 1282 probabili,
889 1234 972 1279 per
1018 1217 1147 1278 quod
1201 1217 1431 1278 probatur
1482 1222 1726 1281 expedisse

150 1310 232 1338 reo
287 1309 505 1354 peccare,
564 1304 609 1336 et
660 1308 684 1335 a
741 1287 893 1335 simili
945 1289 1243 1350 turpitudine
1295 1288 1544 1336 hominem
1606 1309 1727 1337 nun·-

153 1382 294 1426 quam
323 1364 558 1414 abfuisse3
591 1364 666 1419 (c.
712 1374 751 1406 2.
793 1363 868 1418 5.)
930 1374 970 1406 2.
1015 1362 1072 1404 de
1123 1361 1511 1414 collatione,
1573 1379 1724 1426 quum

153 1447 396 1480 accusator
439 1435 517 1485 id,
561 1434 690 1495 quod
732 1433 1052 1477 adversarium
1083 1432 1246 1477 fecisse
1294 1433 1599 1486 criminatur,
1641 1435 1726 1480 alii
1792 1469 1793 1474 ,

153 1507 354 1557 nemini,
385 1507 481 1550 nisi
508 1522 604 1556 reo,
635 1505 763 1550 bono
793 1505 936 1548 fuisse
969 1503 1284 1560 demonstran
1327 1517 1368 1559 5.
1415 1505 1471 1550 de
1512 1506 1726 1566 signo,

154 1595 237 1639 per
291 1579 422 1638 quod
471 1577 737 1622 ostenditur
800 1575 971 1619 idonea
1026 1574 1315 1634 perficienda
1377 1575 1572 1622 facultas
1631 1593 1728 1623 esse
1771 1636 1773 1638 -

156 1650 390 1711 quaesita,
447 1647 719 1692 cuiusmodi
750 1655 859 1690 sunt
886 1645 1045 1695 locus,
1100 1659 1283 1705 tempus
1301 1679 1314 1698 ,
1361 1647 1595 1708 spatium,
1651 1664 1729 1694 oc-

157 1720 311 1771 casio,
372 1736 472 1780 spes
516 1718 822 1779 perficiendi,
884 1732 984 1777 spes
1039 1717 1250 1768 celandi3
1305 1717 1327 1774 (
1354 1734 1391 1763 c.
1436 1722 1523 1777 4.)
1582 1729 1624 1774 4.
1668 1720 1727 1765 de

157 1807 450 1851 argumen
468 1804 556 1841 to,
625 1805 708 1850 per
760 1789 889 1849 quod
941 1804 1049 1833 reus
1104 1788 1378 1849 coarguitur
1442 1791 1728 1849 certioribus

156 1863 352 1907 indiciis
383 1875 428 1906 et
458 1862 607 1921 magis
637 1861 778 1905 firma
808 1860 1102 1921 suspicione;
1134 1861 1156 1916 (
1180 1876 1218 1904 c.
1263 1871 1303 1915 5.
1328 1862 1350 1918 )
1408 1872 1454 1918 5.
1498 1863 1555 1907 de
1598 1854 1729 1909 con-

157 1934 568 1994 sequutione,
626 1948 772 1992 quum
830 1932 1098 1991 quaerimur,
1157 1948 1273 1992 quae
1325 1931 1457 1992 signa
1511 1935 1728 1979 nocentis

158 2019 206 2050 et
234 2005 502 2050 innocentis
545 2005 772 2063 consequi
803 2002 1006 2052 soleant;
1052 2003 1136 2058 (c.
1180 2004 1266 2061 6.)
1325 2003 1365 2046 6.
1414 2004 1471 2048 de
1515 2021 1730 2067 appro-

159 2075 444 2126 batione,
506 2091 598 2135 qua
643 2086 840 2118 utuntlu·
880 2086 1085 2119 oratores
1140 2074 1197 2117 ad
1250 2087 1513 2120 extremum
1556 2076 1732 2121 confir·

160 2159 285 2190 mata
326 2146 608 2206 suspicione.
691 2145 1065 2205 Approbationis
1105 2144 1203 2189 loci
1244 2144 1528 2191 dividuntur
1566 2148 1620 2191 in
1659 2148 1730 2192 lo·

162 2234 241 2262 cos
270 2216 819 2278 p1·oprios,‘quibus
863 2217 959 2260 nisi
999 2228 1262 2268 accusator,
1317 2230 1362 2260 et
1389 2218 1484 2261 nisi
1513 2218 1730 2264 defensor

160 2305 302 2333 nemo
355 2301 508 2348 potest
565 2287 661 2339 uti,
718 2302 762 2332 et
814 2289 1061 2348 utriusque
1118 2304 1497 2333 communes.
1568 2291 1729 2335 Huius

162 2360 344 2421 generis
376 2373 508 2409 sunt,
541 2360 623 2419 qui
653 2359 899 2410 dicuntur,
956 2377 979 2402 a
1011 2358 1232 2408 testibus,
1285 2372 1446 2405 contra
1488 2374 1649 2412 testes,
1702 2379 1730 2406 a

164 2431 544 2492 quaestionibus,
622 2430 700 2486 (h.
759 2447 796 2475 e.
836 2431 1017 2475 ratione
1065 2431 1319 2490 quaerendi
1370 2448 1393 2475 e
1447 2434 1594 2479 servis
1647 2449 1730 2494 pel·

163 2504 431 2557 tormenta)
491 2514 651 2545 contra
701 2503 1025 2562 quaestiones,
1085 2501 1142 2546 ab
1191 2505 1509 2561 argumentis,
1566 2518 1729 2550 contra

165 2585 466 2633 argumenta,
510 2589 534 2615 a
564 2573 863 2624 rumoribus,
909 2585 1070 2617 contra
1111 2589 1336 2618 rumores.
1388 2576 1472 2632 (c.
1526 2579 1614 2634 7.)

253 2645 465 2688 Secundo
507 2634 632 2688 loco
657 2646 812 2704 agitur
854 2646 910 2689 de
940 2643 1154 2705 partibus
1180 2644 1528 2706 ¹legitimae
1558 2648 1734 2693 constia

167 2716 395 2766 tutionis3
440 2731 477 2759 c.
509 2708 549 2769 8.
594 2731 692 2776 sqq.
734 2728 780 2760 et
822 2718 1014 2776 quidem
1064 2734 1098 2760 1.
1129 2717 1185 2760 de
1215 2732 1375 2768 causa,
1424 2719 1477 2762 in
1507 2736 1600 2779 qua
1626 2735 1734 2763 vo-

167 2787 384 2830 luntas
428 2787 781 2846 scriptoris
839 2805 969 2831 cum
1015 2787 1258 2849 scripto
1302 2789 1618 2834 dissidere
1658 2789 1733 2833 vi·

175 2858 363 2907 deatum
406 2859 478 2913 (c.
521 2866 563 2913 8.
594 2860 669 2916 9.)
718 2871 761 2902 2.
803 2858 860 2902 dc
901 2858 1135 2903 duabus
1176 2858 1430 2918 legibus
1473 2861 1643 2904 inter
1675 2872 1732 2903 se
