1878 3198
438 147 540 192 AD
598 145 1098 192 HERENNIUM
1155 147 1239 191 11.
1281 158 1356 201 50.
1607 162 1677 219 59

191 307 300 365 Pag.
331 304 402 361 68.
435 286 482 349 νζ
515 314 587 361 28.
621 318 692 364 29.
735 290 959 351 Nonus
997 296 1187 350 locus*
1227 318 1344 356 est,
1390 297 1505 366 qui
1544 322 1680 357 con.

108 407 130 436 s
147 390 235 436 tat
286 415 345 429 --·
411 394 483 435 Ita
540 392 677 436 codd.
741 390 959 452 plurimi.
1043 392 1172 436 Alii:
1228 393 1320 438 No
1337 409 1450 438 nus
1492 393 1677 438 locus

104 493 130 522 c
145 493 174 522 o
189 495 220 522 ιι
235 494 254 523 s
267 490 286 522 t
299 494 324 521 a
338 491 357 522 t
372 511 383 521 .

190 550 300 625 Peg.
335 546 417 620 Ι68.
459 579 509 608 v.
553 576 624 623 29.
668 580 779 623 qua
796 564 848 608 si
891 589 950 598 —-
1004 564 1226 609 Lambin.
1261 565 1387 611 coni.
1422 582 1450 626 q
1466 582 1498 608 u
1514 564 1622 611 ale.

140 686 143 691 ,
190 652 303 712 Pag.
347 650 419 709 69.
460 666 508 695 v.
543 663 583 694 2.
628 650 679 694 le
693 668 723 710 g
739 668 761 694 e
775 667 799 693 r
813 667 837 694 e
891 675 947 683 —
1006 653 1114 696 Hoc
1161 643 1384 699 Lainbin.
1435 651 1488 694 in
1543 651 1675 695 bono

107 736 274 780 codice
311 736 400 780 Ms.
433 750 479 780 et
509 737 739 781 Gruterus
768 738 821 781 in
844 736 939 781 Pal.
970 751 1012 781 2.
1045 751 1090 782 et
1118 719 1318 781 Fabric}
1335 738 1529 784 invenit
1542 770 1556 788 ,
1591 751 1678 783 est·

107 839 202 884 que
232 822 407 883 procul
442 823 592 869 dubio
623 840 809 869 verum.
869 822 1013 883 Vulg.
1049 822 1105 866 la
1119 840 1142 867 e
1158 824 1187 867 d
1203 840 1225 867 e
1237 840 1262 867 ι·
1279 840 1318 868 e.

189 911 296 970 Pag.
346 909 418 968 69.
462 927 509 954 v.
550 923 592 965 5.
624 918 664 965 4.
712 910 1116 970 intemperan
1136 922 1256 953 tem
1306 933 1365 942 —-
1420 911 1562 954 Recte
1610 909 1678 954 si‘c

105 995 330 1040 Oudend.
360 1009 408 1039 et
437 998 556 1039 Ern.
589 1013 612 1039 e
644 997 758 1039 Mss.
790 1012 878 1056 pro
911 994 1043 1056 vulg.
1076 995 1159 1039 im
1175 1012 1205 1054 p
1220 1012 1242 1039 e
1255 1011 1280 1038 ι·
1293 1012 1318 1038 a
1332 1012 1363 1038 n
1378 1008 1396 1038 t
1409 1011 1432 1038 e
1446 1012 1510 1038 m.

189 1083 298 1142 Pag.
333 1081 409 1142 69.
438 1098 487 1126 v.
524 1085 590 1125 1¹0.
658 1081 1129 1127 Misericordia
1163 1079 1681 1150 commovebitur

101 1192 161 1204 -
190 1171 260 1211 Ita
303 1180 372 1211 est
401 1167 455 1211 in
484 1169 623 1214 Voss.
654 1180 696 1222 3.
729 1181 774 1211 et
804 1167 872 1211 sic
904 1167 1114 1211 arbitror
1144 1150 1386 1212 auctorem
1416 1165 1679 1225 scripsisse,
1700 1218 1701 1222 Ἰ

99 1266 156 1297 ut
169 1285 182 1303 ,
215 1253 347 1312 quod
378 1252 463 1296 alii
497 1253 701 1303 addunt,
733 1271 758 1297 a
770 1270 804 1297 u
819 1254 881 1299 di
894 1267 913 1298 t
927 1269 954 1298 o
969 1269 995 1297 1·
1007 1253 1028 1296 i
1040 1270 1060 1298 s
1105 1271 1130 1297 a
1146 1271 1178 1298 n
1190 1254 1211 1297 i
1224 1270 1272 1297 m
1289 1270 1322 1297 u
1336 1268 1382 1312 s„
1425 1250 1682 1312 glossatori

105 1339 348 1384 debeatur.

187 1428 297 1484 Pag.
343 1426 414 1484 69..
458 1443 506 1472 v.
551 1438 620 1469 12.
665 1426 731 1470 fu
749 1424 987 1470 erimus
1035 1450 1093 1462 --
1151 1429 1298 1470 Recte
1341 1427 1439 1471 hoc
1467 1426 1681 1471 restituit

105 1513 223 1556 Ern.
259 1527 283 1555 e
315 1513 406 1555 Ms.
443 1504 577 1556 ὧτε.
611 1524 657 1555 et
686 1510 906 1571 pluribus
942 1511 1043 1555 edd.
1087 1512 1234 1571 Vulg.
1277 1511 1432 1556 fuim
1448 1530 1482 1556 u
1495 1528 1514 1556 s
1529 1546 1539 1557 .

194 1599 305 1654 Pag.
350 1595 421 1654 69.
466 1613 513 1641 v.
551 1604 626 1654 ²4·
673 1612 695 1640 e
710 1613 741 1639 ιι
754 1614 787 1640 ιι
802 1613 850 1638 ιιι
866 1613 889 1640 e
903 1612 928 1639 r
943 1613 964 1638 a
978 1596 1008 1640 b
1023 1596 1104 1639 im
1122 1593 1206 1640 us
1223 1584 1281 1632 —-‘-·
1337 1597 1682 1658 Expunximps

109 1683 302 1728 futilem
334 1682 568 1742 glossam:
619 1694 675 1726 et
718 1698 746 1726 o
764 1682 942 1725 stend
959 1686 1137 1726 emus.

194 1770 306 1828 Pag.
339 1768 410 1827 69.
452 1783 498 1813 v.
534 1778 605 1821 25.
663 1783 687 1811 e
702 1780 721 1811 t
764 1784 795 1828 p
812 1767 938 1811 atie
953 1780 1017 1811 nt
1034 1784 1056 1811 e
1072 1784 1121 1811 m
1163 1791 1222 1803 --·
1280 1766 1517 1828 Copulam
1548 1768 1680 1811 addi·

107 1855 266 1900 dimus
298 1870 322 1897 e
353 1853 462 1899 loco
490 1847 641 1897 simili
666 1854 766 1898 Cic.
804 1853 860 1897 de
891 1856 999 1898 Inv.
1033 1852 1066 1896 1.
1101 1853 1176 1908 56.
1219 1853 1342 1898 Ibid.
1379 1867 1471 1897 est:
1505 1869 1527 1896 e
1544 1865 1563 1895 t
1589 1870 1621 1913 p
1636 1871 1682 1897 a·

104 1940 378 1986 tientem
446 1938 1003 2001 incommodorum
1065 1955 1200 1983 esse
1266 1952 1326 1983 et
1389 1940 1680 1983 futurum

105 2042 130 2070 e
146 2043 164 2070 s
180 2042 199 2071 s
216 2043 240 2070 e
257 2060 267 2071 .
329 2027 503 2071 Nostro
548 2024 654 2070 loco
698 2040 784 2084 pro
817 2023 882 2068 fu
899 2037 997 2068 tur
1013 2042 1105 2067 um
1136 2025 1315 2085 legitur
1343 2024 1505 2068 fuiss
1519 2040 1542 2067 e
1574 2026 1680 2072 cod.

106 2111 231 2155 Pith.
278 2124 324 2155 et
363 2109 538 2154 Duisb.
583 2110 708 2154 unde
751 2110 980 2154 coniiciat
1023 2111 1198 2170 aliquis
1213 2143 1225 2160 ,
1276 2122 1517 2153 auctorem
1562 2112 1679 2155 scri-

105 2197 284 2260 psisse:
343 2209 398 2240 et
450 2195 812 2255 patientem
863 2195 1420 2240 incommodorum
1473 2210 1681 2242 osten-

110 2283 318 2328 demus
360 2282 566 2327 fuisse
608 2294 667 2326 et
711 2281 1012 2326 futurum
1054 2298 1204 2327 esse.
