<?xml version="1.0" encoding="UTF-8"?>
<!DOCTYPE html PUBLIC "-//W3C//DTD XHTML 1.0 Transitional//EN"
    "http://www.w3.org/TR/xhtml1/DTD/xhtml1-transitional.dtd">
<html xmlns="http://www.w3.org/1999/xhtml" xml:lang="en" lang="en">
 <head>
  <title>
</title>
<meta http-equiv="Content-Type" content="text/html;charset=utf-8" />
  <meta name='ocr-system' content='tesseract 3.04.00' />
  <meta name='ocr-capabilities' content='ocr_page ocr_carea ocr_par ocr_line ocrx_word'/>
</head>
<body>
  <div class='ocr_page' id='page_1' title='image "./p1selectedworkso01ciceuoft_0137.png"; bbox 0 0 1924 3224; ppageno 0'>
   <div class='ocr_carea' id='block_1_1' title="bbox 961 122 1505 184">
    <p class='ocr_par' dir='ltr' id='par_1_1' title="bbox 864 120 1505 189">
     <span class='ocr_line' id='line_1_1' title="bbox 961 122 1505 184; baseline -0.002 -7.151"><span class='ocrx_word' id='word_1_1' title='bbox 961 122 1026 184; x_wconf 57' lang='lat' dir='ltr'><strong>e</strong></span> <span class='ocrx_word' id='word_1_2' title='bbox 1484 122 1505 142; x_wconf 52' lang='lat'><strong>*-</strong></span> 
     </span>
    </p>
   </div>
   <div class='ocr_carea' id='block_1_2' title="bbox 285 294 1500 491">
    <p class='ocr_par' dir='ltr' id='par_1_2' title="bbox 285 294 1500 491">
     <span class='ocr_line' id='line_1_2' title="bbox 285 294 1500 365; baseline -0.001 0"><span class='ocrx_word' id='word_1_3' title='bbox 285 311 324 365; x_wconf 91' lang='lat' dir='ltr'><strong>s</strong></span> <span class='ocrx_word' id='word_1_4' title='bbox 411 294 494 363; x_wconf 77' lang='lat' dir='ltr'><strong>u</strong></span> <span class='ocrx_word' id='word_1_5' title='bbox 557 309 635 364; x_wconf 85' lang='lat' dir='ltr'>M</span> <span class='ocrx_word' id='word_1_6' title='bbox 720 309 797 364; x_wconf 88' lang='lat' dir='ltr'>M</span> <span class='ocrx_word' id='word_1_7' title='bbox 881 310 935 365; x_wconf 81' lang='lat' dir='ltr'><strong>A</strong></span> <span class='ocrx_word' id='word_1_8' title='bbox 1022 310 1074 365; x_wconf 84' lang='lat' dir='ltr'>R</span> <span class='ocrx_word' id='word_1_9' title='bbox 1160 309 1192 364; x_wconf 88' lang='lat'>1</span> <span class='ocrx_word' id='word_1_10' title='bbox 1275 310 1335 364; x_wconf 87' lang='lat' dir='ltr'>U</span> <span class='ocrx_word' id='word_1_11' title='bbox 1422 309 1500 364; x_wconf 88' lang='grc' dir='ltr'><strong><em>Μ</em></strong></span> 
     </span>
     <span class='ocr_line' id='line_1_3' title="bbox 510 399 1343 491; baseline -0.001 -1"><span class='ocrx_word' id='word_1_12' title='bbox 510 447 805 491; x_wconf 77' lang='lat' dir='ltr'>LIBRI</span> <span class='ocrx_word' id='word_1_13' title='bbox 887 399 1343 490; x_wconf 45' lang='lat' dir='ltr'>TERTIIJ</span> 
     </span>
    </p>
   </div>
   <div class='ocr_carea' id='block_1_3' title="bbox 50 563 1726 2840">
    <p class='ocr_par' dir='ltr' id='par_1_3' title="bbox 114 563 1726 919">
     <span class='ocr_line' id='line_1_4' title="bbox 115 563 1684 636; baseline -0.003 -16"><span class='ocrx_word' id='word_1_14' title='bbox 115 563 372 620; x_wconf 83' lang='lat' dir='ltr'><strong>Hactenus</strong></span> <span class='ocrx_word' id='word_1_15' title='bbox 402 587 592 626; x_wconf 83' lang='lat' dir='ltr'>auctor,</span> <span class='ocrx_word' id='word_1_16' title='bbox 654 575 1059 636; x_wconf 80' lang='lat' dir='ltr'>quemadmodum</span> <span class='ocrx_word' id='word_1_17' title='bbox 1091 574 1151 636; x_wconf 76' lang='lat' dir='ltr'><strong>ad</strong></span> <span class='ocrx_word' id='word_1_18' title='bbox 1181 571 1684 619; x_wconf 57' lang='lat' dir='ltr'><strong>omnent-iudicialem</strong></span> 
     </span>
     <span class='ocr_line' id='line_1_5' title="bbox 114 631 1686 696; baseline -0.001 -6"><span class='ocrx_word' id='word_1_19' title='bbox 114 662 301 691; x_wconf 88' lang='lat' dir='ltr'><strong>causam</strong></span> <span class='ocrx_word' id='word_1_20' title='bbox 329 647 549 692; x_wconf 86' lang='lat' dir='ltr'><strong>inventio</strong></span> <span class='ocrx_word' id='word_1_21' title='bbox 578 663 742 691; x_wconf 89' lang='lat' dir='ltr'><strong>rerum</strong></span> <span class='ocrx_word' id='word_1_22' title='bbox 773 631 1176 692; x_wconf 72' lang='lat' dir='ltr'><strong>accommodanda</strong></span> <span class='ocrx_word' id='word_1_23' title='bbox 1208 659 1352 696; x_wconf 90' lang='lat' dir='ltr'><strong>esset,</strong></span> <span class='ocrx_word' id='word_1_24' title='bbox 1398 645 1686 689; x_wconf 86' lang='lat' dir='ltr'><strong>demonstra-</strong></span> 
     </span>
     <span class='ocr_line' id='line_1_6' title="bbox 114 709 1726 779; baseline -0.003 -16"><span class='ocrx_word' id='word_1_25' title='bbox 114 731 261 763; x_wconf 80' lang='lat' dir='ltr'><strong>verat.</strong></span> <span class='ocrx_word' id='word_1_26' title='bbox 343 719 489 764; x_wconf 88' lang='lat' dir='ltr'><strong>Nunc</strong></span> <span class='ocrx_word' id='word_1_27' title='bbox 517 719 675 779; x_wconf 84' lang='lat' dir='ltr'><strong>pergit</strong></span> <span class='ocrx_word' id='word_1_28' title='bbox 704 719 761 762; x_wconf 84' lang='lat' dir='ltr'><strong>ad</strong></span> <span class='ocrx_word' id='word_1_29' title='bbox 793 736 952 764; x_wconf 71' lang='lat' dir='ltr'><strong>earum</strong></span> <span class='ocrx_word' id='word_1_30' title='bbox 981 719 1217 764; x_wconf 82' lang='lat' dir='ltr'><strong>rationem</strong></span> <span class='ocrx_word' id='word_1_31' title='bbox 1246 733 1407 761; x_wconf 81' lang='lat' dir='ltr'><strong>rerum</strong></span> <span class='ocrx_word' id='word_1_32' title='bbox 1437 716 1688 761; x_wconf 83' lang='lat' dir='ltr'><strong>invenien-</strong></span> <span class='ocrx_word' id='word_1_33' title='bbox 1719 709 1726 725; x_wconf 82' lang='grc'><strong>’</strong></span> 
     </span>
     <span class='ocr_line' id='line_1_7' title="bbox 115 781 1687 850; baseline -0.002 -17"><span class='ocrx_word' id='word_1_34' title='bbox 115 789 306 838; x_wconf 82' lang='lat' dir='ltr'><strong>darum,</strong></span> <span class='ocrx_word' id='word_1_35' title='bbox 351 805 468 849; x_wconf 86' lang='lat' dir='ltr'><strong>quae</strong></span> <span class='ocrx_word' id='word_1_36' title='bbox 498 790 740 850; x_wconf 74' lang='lat' dir='ltr'><strong>pertinent</strong></span> <span class='ocrx_word' id='word_1_37' title='bbox 769 791 824 834; x_wconf 89' lang='lat' dir='ltr'><strong>ad</strong></span> <span class='ocrx_word' id='word_1_38' title='bbox 862 806 1018 834; x_wconf 82' lang='lat' dir='ltr'><strong>causas</strong></span> <span class='ocrx_word' id='word_1_39' title='bbox 1050 781 1384 843; x_wconf 76' lang='lat' dir='ltr'><strong>deliberativas</strong></span> <span class='ocrx_word' id='word_1_40' title='bbox 1415 801 1461 832; x_wconf 89' lang='lat' dir='ltr'><strong>et</strong></span> <span class='ocrx_word' id='word_1_41' title='bbox 1492 788 1687 832; x_wconf 86' lang='lat' dir='ltr'><strong>demon-</strong></span> 
     </span>
     <span class='ocr_line' id='line_1_8' title="bbox 114 861 1345 919; baseline -0.002 -15"><span class='ocrx_word' id='word_1_42' title='bbox 114 861 348 904; x_wconf 71' lang='lat' dir='ltr'><strong>strativas.</strong></span> <span class='ocrx_word' id='word_1_43' title='bbox 383 862 405 916; x_wconf 90' lang='lat'>(</span> <span class='ocrx_word' id='word_1_44' title='bbox 430 876 466 908; x_wconf 81' lang='lat' dir='ltr'><strong>c,</strong></span> <span class='ocrx_word' id='word_1_45' title='bbox 501 878 538 905; x_wconf 84' lang='lat'><strong>1.</strong></span> <span class='ocrx_word' id='word_1_46' title='bbox 564 862 586 918; x_wconf 93' lang='lat'><em>)</em></span> <span class='ocrx_word' id='word_1_47' title='bbox 1338 916 1345 919; x_wconf 86' lang='lat'>.</span> 
     </span>
    </p>

    <p class='ocr_par' dir='ltr' id='par_1_4' title="bbox 115 926 1726 1775">
     <span class='ocr_line' id='line_1_9' title="bbox 200 926 1685 992; baseline -0.002 -17"><span class='ocrx_word' id='word_1_48' title='bbox 200 932 414 975; x_wconf 86' lang='lat' dir='ltr'><strong>Primum</strong></span> <span class='ocrx_word' id='word_1_49' title='bbox 444 926 597 992; x_wconf 85' lang='lat' dir='ltr'><strong>igitur</strong></span> <span class='ocrx_word' id='word_1_50' title='bbox 635 932 737 992; x_wconf 81' lang='lat' dir='ltr'><strong>agit</strong></span> <span class='ocrx_word' id='word_1_51' title='bbox 777 933 833 976; x_wconf 84' lang='lat' dir='ltr'><strong>de</strong></span> <span class='ocrx_word' id='word_1_52' title='bbox 874 931 1474 990; x_wconf 61' lang='lat' dir='ltr'><strong>deliberationibus</strong></span> <span class='ocrx_word' id='word_1_53' title='bbox 1524 931 1613 987; x_wconf 83' lang='lat' dir='ltr'><strong>(c.</strong></span> <span class='ocrx_word' id='word_1_54' title='bbox 1643 941 1685 984; x_wconf 64' lang='lat'><strong>2,</strong></span> 
     </span>
     <span class='ocr_line' id='line_1_10' title="bbox 116 1003 1686 1065; baseline 0.001 -17"><span class='ocrx_word' id='word_1_55' title='bbox 116 1016 217 1064; x_wconf 75' lang='lat' dir='ltr'><strong>sqq.</strong></span> <span class='ocrx_word' id='word_1_56' title='bbox 241 1005 288 1065; x_wconf 85' lang='lat'><strong>),</strong></span> <span class='ocrx_word' id='word_1_57' title='bbox 349 1020 467 1063; x_wconf 82' lang='lat' dir='ltr'><strong>quae</strong></span> <span class='ocrx_word' id='word_1_58' title='bbox 532 1003 707 1065; x_wconf 81' lang='lat' dir='ltr'><strong>partim</strong></span> <span class='ocrx_word' id='word_1_59' title='bbox 765 1017 873 1047; x_wconf 87' lang='lat' dir='ltr'><strong>sunt</strong></span> <span class='ocrx_word' id='word_1_60' title='bbox 932 1003 1245 1054; x_wconf 88' lang='lat' dir='ltr'><strong>huiusmodi,</strong></span> <span class='ocrx_word' id='word_1_61' title='bbox 1304 1017 1359 1047; x_wconf 94' lang='lat' dir='ltr'><strong>ut</strong></span> <span class='ocrx_word' id='word_1_62' title='bbox 1418 1012 1686 1062; x_wconf 72' lang='lat' dir='ltr'><strong>quaeratur,</strong></span> 
     </span>
     <span class='ocr_line' id='line_1_11' title="bbox 115 1065 1707 1135; baseline -0.003 -17"><span class='ocrx_word' id='word_1_63' title='bbox 115 1089 325 1119; x_wconf 87' lang='lat' dir='ltr'><strong>utrum</strong></span> <span class='ocrx_word' id='word_1_64' title='bbox 386 1065 603 1134; x_wconf 84' lang='lat' dir='ltr'><strong>potius</strong></span> <span class='ocrx_word' id='word_1_65' title='bbox 628 1075 630 1078; x_wconf 75' lang='grc'><strong>’</strong></span> <span class='ocrx_word' id='word_1_66' title='bbox 659 1073 929 1118; x_wconf 82' lang='lat' dir='ltr'><strong>faciendum</strong></span> <span class='ocrx_word' id='word_1_67' title='bbox 987 1076 1051 1118; x_wconf 88' lang='lat' dir='ltr'><strong>sit</strong></span> <span class='ocrx_word' id='word_1_68' title='bbox 1076 1107 1088 1124; x_wconf 95' lang='lat'><strong>,</strong></span> <span class='ocrx_word' id='word_1_69' title='bbox 1159 1076 1335 1135; x_wconf 83' lang='lat' dir='ltr'><strong>partim</strong></span> <span class='ocrx_word' id='word_1_70' title='bbox 1387 1071 1707 1125; x_wconf 57' lang='lat' dir='ltr'><strong>huiusmodi,Y</strong></span> 
     </span>
     <span class='ocr_line' id='line_1_12' title="bbox 115 1143 1689 1205; baseline -0.003 -15"><span class='ocrx_word' id='word_1_71' title='bbox 115 1159 197 1195; x_wconf 86' lang='lat' dir='ltr'><strong>ut,</strong></span> <span class='ocrx_word' id='word_1_72' title='bbox 255 1145 406 1205; x_wconf 87' lang='lat' dir='ltr'><strong>quid</strong></span> <span class='ocrx_word' id='word_1_73' title='bbox 446 1145 745 1205; x_wconf 82' lang='lat' dir='ltr'>potissim</span> <span class='ocrx_word' id='word_1_74' title='bbox 765 1162 858 1189; x_wconf 87' lang='lat' dir='ltr'><strong>um</strong></span> <span class='ocrx_word' id='word_1_75' title='bbox 886 1145 1156 1197; x_wconf 79' lang='lat' dir='ltr'><strong>faciendum</strong></span> <span class='ocrx_word' id='word_1_76' title='bbox 1189 1147 1275 1196; x_wconf 87' lang='lat' dir='ltr'><strong>sit,</strong></span> <span class='ocrx_word' id='word_1_77' title='bbox 1333 1143 1689 1196; x_wconf 77' lang='lat' dir='ltr'><strong>0011sideretu1·;</strong></span> 
     </span>
     <span class='ocr_line' id='line_1_13' title="bbox 116 1210 1692 1277; baseline -0.003 -17"><span class='ocrx_word' id='word_1_78' title='bbox 116 1217 211 1262; x_wconf 86' lang='lat' dir='ltr'><strong>alio</strong></span> <span class='ocrx_word' id='word_1_79' title='bbox 255 1228 411 1270; x_wconf 70' lang='lat' dir='ltr'><strong>autem</strong></span> <span class='ocrx_word' id='word_1_80' title='bbox 450 1229 667 1277; x_wconf 89' lang='lat' dir='ltr'><strong>respectu</strong></span> <span class='ocrx_word' id='word_1_81' title='bbox 705 1215 785 1260; x_wconf 85' lang='lat' dir='ltr'><strong>vel</strong></span> <span class='ocrx_word' id='word_1_82' title='bbox 830 1230 1025 1277; x_wconf 85' lang='lat' dir='ltr'><strong>propter</strong></span> <span class='ocrx_word' id='word_1_83' title='bbox 1077 1230 1363 1261; x_wconf 87' lang='lat' dir='ltr'><strong>naturam</strong></span> <span class='ocrx_word' id='word_1_84' title='bbox 1416 1215 1540 1264; x_wconf 87' lang='lat' dir='ltr'><strong>rei,</strong></span> <span class='ocrx_word' id='word_1_85' title='bbox 1610 1210 1692 1256; x_wconf 81' lang='lat' dir='ltr'><strong>vel</strong></span> 
     </span>
     <span class='ocr_line' id='line_1_14' title="bbox 116 1280 1689 1349; baseline -0.004 -17"><span class='ocrx_word' id='word_1_86' title='bbox 116 1301 311 1349; x_wconf 86' lang='lat' dir='ltr'><strong>propter</strong></span> <span class='ocrx_word' id='word_1_87' title='bbox 352 1301 710 1332; x_wconf 81' lang='lat' dir='ltr'><strong>extraneam</strong></span> <span class='ocrx_word' id='word_1_88' title='bbox 763 1280 1032 1339; x_wconf 76' lang='lat' dir='ltr'><strong>causam,</strong></span> <span class='ocrx_word' id='word_1_89' title='bbox 1089 1288 1171 1332; x_wconf 85' lang='lat' dir='ltr'><strong>vel</strong></span> <span class='ocrx_word' id='word_1_90' title='bbox 1217 1301 1410 1349; x_wconf 87' lang='lat' dir='ltr'><strong>propter</strong></span> <span class='ocrx_word' id='word_1_91' title='bbox 1450 1298 1689 1329; x_wconf 86' lang='lat' dir='ltr'><strong>utrum.-</strong></span> 
     </span>
     <span class='ocr_line' id='line_1_15' title="bbox 116 1355 1686 1420; baseline -0.004 -17"><span class='ocrx_word' id='word_1_92' title='bbox 116 1376 147 1420; x_wconf 87' lang='lat' dir='ltr'>q</span> <span class='ocrx_word' id='word_1_93' title='bbox 164 1375 232 1403; x_wconf 90' lang='lat' dir='ltr'><strong>ue</strong></span> <span class='ocrx_word' id='word_1_94' title='bbox 283 1358 617 1402; x_wconf 82' lang='lat' dir='ltr'><strong>instituuntur.</strong></span> <span class='ocrx_word' id='word_1_95' title='bbox 706 1360 865 1417; x_wconf 82' lang='lat' dir='ltr'><strong>Quum</strong></span> <span class='ocrx_word' id='word_1_96' title='bbox 907 1373 1064 1403; x_wconf 86' lang='lat' dir='ltr'><strong>autem</strong></span> <span class='ocrx_word' id='word_1_97' title='bbox 1109 1358 1359 1408; x_wconf 89' lang='lat' dir='ltr'><strong>omnibus,</strong></span> <span class='ocrx_word' id='word_1_98' title='bbox 1416 1356 1589 1417; x_wconf 88' lang='lat' dir='ltr'><strong>quibus</strong></span> <span class='ocrx_word' id='word_1_99' title='bbox 1634 1355 1686 1397; x_wconf 83' lang='lat' dir='ltr'><strong>in</strong></span> 
     </span>
     <span class='ocr_line' id='line_1_16' title="bbox 117 1424 1684 1491; baseline -0.003 -17"><span class='ocrx_word' id='word_1_100' title='bbox 117 1429 424 1491; x_wconf 86' lang='lat' dir='ltr'><strong>deliberando</strong></span> <span class='ocrx_word' id='word_1_101' title='bbox 481 1430 709 1474; x_wconf 87' lang='lat' dir='ltr'><strong>sententia</strong></span> <span class='ocrx_word' id='word_1_102' title='bbox 750 1430 948 1474; x_wconf 89' lang='lat' dir='ltr'><strong>dicenda</strong></span> <span class='ocrx_word' id='word_1_103' title='bbox 992 1443 1087 1480; x_wconf 88' lang='lat' dir='ltr'><strong>est,</strong></span> <span class='ocrx_word' id='word_1_104' title='bbox 1148 1424 1421 1490; x_wconf 84' lang='lat' dir='ltr'><strong>propositus</strong></span> <span class='ocrx_word' id='word_1_105' title='bbox 1465 1429 1528 1472; x_wconf 89' lang='lat' dir='ltr'><strong>sit</strong></span> <span class='ocrx_word' id='word_1_106' title='bbox 1570 1427 1684 1471; x_wconf 84' lang='lat' dir='ltr'><strong>finis</strong></span> 
     </span>
     <span class='ocr_line' id='line_1_17' title="bbox 118 1498 1686 1560; baseline -0.004 -14"><span class='ocrx_word' id='word_1_107' title='bbox 118 1501 467 1551; x_wconf 85' lang='lat' dir='ltr'><strong>utilitatis;</strong></span> <span class='ocrx_word' id='word_1_108' title='bbox 531 1517 675 1560; x_wconf 86' lang='lat' dir='ltr'><strong>eaque</strong></span> <span class='ocrx_word' id='word_1_109' title='bbox 720 1498 966 1545; x_wconf 74' lang='lat' dir='ltr'><strong>dividatur</strong></span> <span class='ocrx_word' id='word_1_110' title='bbox 999 1502 1052 1553; x_wconf 87' lang='lat' dir='ltr'><strong>in</strong></span> <span class='ocrx_word' id='word_1_111' title='bbox 1091 1502 1411 1546; x_wconf 88' lang='lat' dir='ltr'><strong>rationem</strong></span> <span class='ocrx_word' id='word_1_112' title='bbox 1456 1511 1686 1547; x_wconf 87' lang='lat' dir='ltr'><strong>tutam,</strong></span> 
     </span>
     <span class='ocr_line' id='line_1_18' title="bbox 119 1562 1687 1632; baseline -0.004 -16"><span class='ocrx_word' id='word_1_113' title='bbox 119 1589 237 1632; x_wconf 87' lang='lat' dir='ltr'><strong>quae</strong></span> <span class='ocrx_word' id='word_1_114' title='bbox 278 1572 361 1618; x_wconf 75' lang='lat' dir='ltr'><strong>&#39;vel</strong></span> <span class='ocrx_word' id='word_1_115' title='bbox 401 1573 503 1616; x_wconf 86' lang='lat' dir='ltr'><strong>vim</strong></span> <span class='ocrx_word' id='word_1_116' title='bbox 543 1571 625 1615; x_wconf 88' lang='lat' dir='ltr'><strong>vel</strong></span> <span class='ocrx_word' id='word_1_117' title='bbox 654 1572 820 1619; x_wconf 86' lang='lat' dir='ltr'><strong>dolum</strong></span> <span class='ocrx_word' id='word_1_118' title='bbox 848 1573 1100 1616; x_wconf 86' lang='lat' dir='ltr'><strong>vitandum</strong></span> <span class='ocrx_word' id='word_1_119' title='bbox 1130 1562 1227 1616; x_wconf 84' lang='lat' dir='ltr'><strong>esse</strong></span> <span class='ocrx_word' id='word_1_120' title='bbox 1257 1570 1499 1619; x_wconf 83' lang='lat' dir='ltr'><strong>ostendat,</strong></span> <span class='ocrx_word' id='word_1_121' title='bbox 1557 1581 1605 1612; x_wconf 90' lang='lat' dir='ltr'><strong>et</strong></span> <span class='ocrx_word' id='word_1_122' title='bbox 1632 1567 1687 1611; x_wconf 88' lang='lat' dir='ltr'><strong>in</strong></span> 
     </span>
     <span class='ocr_line' id='line_1_19' title="bbox 120 1637 1684 1704; baseline -0.002 -18"><span class='ocrx_word' id='word_1_123' title='bbox 120 1643 431 1688; x_wconf 85' lang='lat' dir='ltr'><strong>rationem</strong></span> <span class='ocrx_word' id='word_1_124' title='bbox 474 1642 830 1693; x_wconf 82' lang='lat' dir='ltr'><strong>honestam,</strong></span> <span class='ocrx_word' id='word_1_125' title='bbox 895 1660 1011 1704; x_wconf 89' lang='lat' dir='ltr'><strong>quae</strong></span> <span class='ocrx_word' id='word_1_126' title='bbox 1064 1656 1245 1688; x_wconf 90' lang='lat' dir='ltr'><strong>constet</strong></span> <span class='ocrx_word' id='word_1_127' title='bbox 1284 1654 1490 1690; x_wconf 88' lang='lat' dir='ltr'><strong>recto,</strong></span> <span class='ocrx_word' id='word_1_128' title='bbox 1541 1637 1589 1683; x_wconf 88' lang='lat' dir='ltr'><strong>h.</strong></span> <span class='ocrx_word' id='word_1_129' title='bbox 1647 1654 1684 1681; x_wconf 88' lang='lat' dir='ltr'><strong>e.</strong></span> 
     </span>
     <span class='ocr_line' id='line_1_20' title="bbox 118 1709 1726 1775; baseline -0.002 -18"><span class='ocrx_word' id='word_1_130' title='bbox 118 1714 422 1775; x_wconf 78' lang='lat' dir='ltr'><strong>prudentiae,</strong></span> <span class='ocrx_word' id='word_1_131' title='bbox 474 1714 714 1764; x_wconf 83' lang='lat' dir='ltr'><strong>iustitiae,</strong></span> <span class='ocrx_word' id='word_1_132' title='bbox 759 1714 1058 1759; x_wconf 84' lang='lat' dir='ltr'><strong>fortitudinis</strong></span> <span class='ocrx_word' id='word_1_133' title='bbox 1091 1722 1138 1758; x_wconf 82' lang='lat' dir='ltr'><strong>et</strong></span> <span class='ocrx_word' id='word_1_134' title='bbox 1165 1714 1426 1759; x_wconf 86' lang='lat' dir='ltr'><strong>modestiae</strong></span> <span class='ocrx_word' id='word_1_135' title='bbox 1456 1709 1688 1771; x_wconf 82' lang='lat' dir='ltr'><strong>partibus,</strong></span> <span class='ocrx_word' id='word_1_136' title='bbox 1716 1714 1726 1726; x_wconf 92' lang='lat'><strong><em>‘</em></strong></span> 
     </span>
    </p>

    <p class='ocr_par' dir='ltr' id='par_1_5' title="bbox 50 1774 1691 2056">
     <span class='ocr_line' id='line_1_21' title="bbox 121 1774 1687 1846; baseline -0.001 -16"><span class='ocrx_word' id='word_1_137' title='bbox 121 1799 169 1830; x_wconf 90' lang='lat' dir='ltr'><strong>et</strong></span> <span class='ocrx_word' id='word_1_138' title='bbox 210 1785 559 1835; x_wconf 84' lang='lat' dir='ltr'><strong>laudabili,</strong></span> <span class='ocrx_word' id='word_1_139' title='bbox 613 1785 790 1830; x_wconf 88' lang='lat' dir='ltr'><strong>horum</strong></span> <span class='ocrx_word' id='word_1_140' title='bbox 819 1774 1064 1836; x_wconf 82' lang='lat' dir='ltr'><strong>omniurn,</strong></span> <span class='ocrx_word' id='word_1_141' title='bbox 1088 1812 1089 1817; x_wconf 66' lang='lat'>=</span> <span class='ocrx_word' id='word_1_142' title='bbox 1117 1786 1202 1846; x_wconf 91' lang='lat' dir='ltr'><strong>qui</strong></span> <span class='ocrx_word' id='word_1_143' title='bbox 1232 1786 1327 1829; x_wconf 90' lang='lat' dir='ltr'><strong>sint</strong></span> <span class='ocrx_word' id='word_1_144' title='bbox 1355 1784 1455 1828; x_wconf 91' lang='lat' dir='ltr'><strong>loci</strong></span> <span class='ocrx_word' id='word_1_145' title='bbox 1485 1795 1532 1826; x_wconf 88' lang='lat' dir='ltr'><strong>et</strong></span> <span class='ocrx_word' id='word_1_146' title='bbox 1560 1781 1687 1829; x_wconf 75' lang='lat' dir='ltr'><strong>unde</strong></span> 
     </span>
     <span class='ocr_line' id='line_1_22' title="bbox 50 1846 1688 1917; baseline -0.004 -15"><span class='ocrx_word' id='word_1_147' title='bbox 50 1852 56 1856; x_wconf 47' lang='lat'><strong>⁴</strong></span> <span class='ocrx_word' id='word_1_148' title='bbox 120 1856 425 1917; x_wconf 78' lang='lat' dir='ltr'><strong>reperiundi,</strong></span> <span class='ocrx_word' id='word_1_149' title='bbox 491 1857 687 1902; x_wconf 78' lang='lat' dir='ltr'><strong>docetur</strong></span> <span class='ocrx_word' id='word_1_150' title='bbox 730 1873 769 1901; x_wconf 89' lang='lat' dir='ltr'><strong>c.</strong></span> <span class='ocrx_word' id='word_1_151' title='bbox 811 1868 852 1911; x_wconf 80' lang='grc'><strong>5.</strong></span> <span class='ocrx_word' id='word_1_152' title='bbox 895 1846 940 1912; x_wconf 60' lang='lat' dir='ltr'><strong>4J</strong></span> <span class='ocrx_word' id='word_1_153' title='bbox 1006 1850 1212 1902; x_wconf 70' lang='lat' dir='ltr'><strong>‘Deinde</strong></span> <span class='ocrx_word' id='word_1_154' title='bbox 1256 1856 1500 1917; x_wconf 86' lang='lat' dir='ltr'><strong>quomodo</strong></span> <span class='ocrx_word' id='word_1_155' title='bbox 1540 1868 1688 1914; x_wconf 84' lang='lat' dir='ltr'><strong>genus</strong></span> 
     </span>
     <span class='ocr_line' id='line_1_23' title="bbox 121 1922 1691 1989; baseline -0.003 -17"><span class='ocrx_word' id='word_1_156' title='bbox 121 1927 521 1973; x_wconf 78' lang='lat' dir='ltr'><strong>deliberationum</strong></span> <span class='ocrx_word' id='word_1_157' title='bbox 564 1922 645 1989; x_wconf 81' lang='lat' dir='ltr'><strong>per</strong></span> <span class='ocrx_word' id='word_1_158' title='bbox 686 1928 894 1989; x_wconf 87' lang='lat' dir='ltr'><strong>singulas</strong></span> <span class='ocrx_word' id='word_1_159' title='bbox 934 1941 1090 1989; x_wconf 88' lang='lat' dir='ltr'><strong>partes</strong></span> <span class='ocrx_word' id='word_1_160' title='bbox 1131 1928 1363 1973; x_wconf 83' lang='lat' dir='ltr'><strong>orationis</strong></span> <span class='ocrx_word' id='word_1_161' title='bbox 1392 1924 1691 1970; x_wconf 63' lang='lat' dir='ltr'><strong>tractandum</strong></span> 
     </span>
     <span class='ocr_line' id='line_1_24' title="bbox 128 1999 760 2056; baseline -0.002 -13"><span class='ocrx_word' id='word_1_162' title='bbox 128 2000 191 2044; x_wconf 81' lang='lat' dir='ltr'><strong>sit</strong></span> <span class='ocrx_word' id='word_1_163' title='bbox 233 1999 513 2044; x_wconf 82' lang='lat' dir='ltr'><strong>ostenditur.</strong></span> <span class='ocrx_word' id='word_1_164' title='bbox 558 2000 580 2055; x_wconf 94' lang='lat'>(</span> <span class='ocrx_word' id='word_1_165' title='bbox 605 2014 642 2043; x_wconf 92' lang='lat' dir='ltr'><strong>c.</strong></span> <span class='ocrx_word' id='word_1_166' title='bbox 673 2002 760 2056; x_wconf 84' lang='lat'><strong>5.)</strong></span> 
     </span>
    </p>

    <p class='ocr_par' dir='ltr' id='par_1_6' title="bbox 123 2066 1696 2482">
     <span class='ocr_line' id='line_1_25' title="bbox 210 2066 1693 2130; baseline -0.003 -17"><span class='ocrx_word' id='word_1_167' title='bbox 210 2071 435 2130; x_wconf 81' lang='lat' dir='ltr'><strong>Sequitur</strong></span> <span class='ocrx_word' id='word_1_168' title='bbox 477 2070 534 2114; x_wconf 87' lang='lat' dir='ltr'><strong>de</strong></span> <span class='ocrx_word' id='word_1_169' title='bbox 575 2086 744 2130; x_wconf 85' lang='lat' dir='ltr'><strong>genere</strong></span> <span class='ocrx_word' id='word_1_170' title='bbox 787 2071 817 2115; x_wconf 88' lang='lat' dir='ltr'><strong>d</strong></span> <span class='ocrx_word' id='word_1_171' title='bbox 835 2087 857 2114; x_wconf 91' lang='lat' dir='ltr'><strong>e</strong></span> <span class='ocrx_word' id='word_1_172' title='bbox 873 2087 921 2114; x_wconf 87' lang='lat' dir='ltr'><strong>m</strong></span> <span class='ocrx_word' id='word_1_173' title='bbox 937 2088 1008 2116; x_wconf 93' lang='lat' dir='ltr'><strong>on</strong></span> <span class='ocrx_word' id='word_1_174' title='bbox 1024 2087 1041 2115; x_wconf 91' lang='lat' dir='ltr'><strong>s</strong></span> <span class='ocrx_word' id='word_1_175' title='bbox 1056 2084 1146 2114; x_wconf 90' lang='lat' dir='ltr'><strong>tra</strong></span> <span class='ocrx_word' id='word_1_176' title='bbox 1162 2071 1297 2116; x_wconf 84' lang='lat' dir='ltr'><strong>tivo</strong></span> <span class='ocrx_word' id='word_1_177' title='bbox 1313 2103 1326 2121; x_wconf 92' lang='lat'><strong>,</strong></span> <span class='ocrx_word' id='word_1_178' title='bbox 1383 2068 1513 2130; x_wconf 80' lang='lat' dir='ltr'><strong>quod</strong></span> <span class='ocrx_word' id='word_1_179' title='bbox 1543 2080 1611 2110; x_wconf 90' lang='lat' dir='ltr'><strong>est</strong></span> <span class='ocrx_word' id='word_1_180' title='bbox 1638 2066 1693 2109; x_wconf 87' lang='lat' dir='ltr'><strong>in</strong></span> 
     </span>
     <span class='ocr_line' id='line_1_26' title="bbox 123 2139 1696 2203; baseline -0.003 -19"><span class='ocrx_word' id='word_1_181' title='bbox 123 2139 264 2184; x_wconf 85' lang='lat' dir='ltr'><strong>laude</strong></span> <span class='ocrx_word' id='word_1_182' title='bbox 297 2155 342 2184; x_wconf 93' lang='lat' dir='ltr'><strong>et</strong></span> <span class='ocrx_word' id='word_1_183' title='bbox 370 2141 738 2201; x_wconf 86' lang='lat' dir='ltr'><strong>vituperatione.</strong></span> <span class='ocrx_word' id='word_1_184' title='bbox 811 2143 906 2186; x_wconf 89' lang='lat' dir='ltr'><strong>Hic</strong></span> <span class='ocrx_word' id='word_1_185' title='bbox 935 2143 1176 2202; x_wconf 89' lang='lat' dir='ltr'><strong>primum,</strong></span> <span class='ocrx_word' id='word_1_186' title='bbox 1223 2143 1308 2203; x_wconf 89' lang='lat' dir='ltr'><strong>qui</strong></span> <span class='ocrx_word' id='word_1_187' title='bbox 1338 2141 1432 2184; x_wconf 88' lang='lat' dir='ltr'><strong>sint</strong></span> <span class='ocrx_word' id='word_1_188' title='bbox 1461 2139 1615 2182; x_wconf 89' lang='lat' dir='ltr'><strong>laudis</strong></span> <span class='ocrx_word' id='word_1_189' title='bbox 1647 2149 1696 2179; x_wconf 86' lang='lat' dir='ltr'><strong>et</strong></span> 
     </span>
     <span class='ocr_line' id='line_1_27' title="bbox 123 2207 1695 2273; baseline -0.003 -18"><span class='ocrx_word' id='word_1_190' title='bbox 123 2213 356 2272; x_wconf 83' lang='lat' dir='ltr'><strong>vituperii</strong></span> <span class='ocrx_word' id='word_1_191' title='bbox 394 2213 518 2263; x_wconf 91' lang='lat' dir='ltr'><strong>loci,</strong></span> <span class='ocrx_word' id='word_1_192' title='bbox 575 2213 948 2262; x_wconf 61' lang='lat' dir='ltr'><strong>demonstratum</strong></span> <span class='ocrx_word' id='word_1_193' title='bbox 1005 2213 1176 2257; x_wconf 87' lang='lat' dir='ltr'><strong>deinde</strong></span> <span class='ocrx_word' id='word_1_194' title='bbox 1221 2212 1465 2273; x_wconf 86' lang='lat' dir='ltr'><strong>quomodo</strong></span> <span class='ocrx_word' id='word_1_195' title='bbox 1505 2208 1558 2252; x_wconf 87' lang='lat' dir='ltr'><strong>in</strong></span> <span class='ocrx_word' id='word_1_196' title='bbox 1598 2207 1695 2252; x_wconf 86' lang='lat' dir='ltr'><strong>hoc</strong></span> 
     </span>
     <span class='ocr_line' id='line_1_28' title="bbox 125 2278 1693 2343; baseline -0.003 -18"><span class='ocrx_word' id='word_1_197' title='bbox 125 2298 323 2343; x_wconf 86' lang='lat' dir='ltr'><strong>genere,</strong></span> <span class='ocrx_word' id='word_1_198' title='bbox 376 2297 528 2343; x_wconf 85' lang='lat' dir='ltr'><strong>partes</strong></span> <span class='ocrx_word' id='word_1_199' title='bbox 559 2283 815 2334; x_wconf 81' lang='lat' dir='ltr'><strong>orationis,</strong></span> <span class='ocrx_word' id='word_1_200' title='bbox 870 2285 1148 2335; x_wconf 80' lang='lat' dir='ltr'><strong>exordium,</strong></span> <span class='ocrx_word' id='word_1_201' title='bbox 1203 2282 1408 2327; x_wconf 81' lang='lat' dir='ltr'><strong>narratio</strong></span> <span class='ocrx_word' id='word_1_202' title='bbox 1424 2313 1436 2331; x_wconf 89' lang='lat'><strong>,</strong></span> <span class='ocrx_word' id='word_1_203' title='bbox 1494 2278 1693 2329; x_wconf 85' lang='lat' dir='ltr'><strong>divisio,</strong></span> 
     </span>
     <span class='ocr_line' id='line_1_29' title="bbox 127 2343 1694 2414; baseline -0.003 -17"><span class='ocrx_word' id='word_1_204' title='bbox 127 2354 150 2409; x_wconf 91' lang='lat'>(</span> <span class='ocrx_word' id='word_1_205' title='bbox 174 2370 283 2397; x_wconf 86' lang='lat' dir='ltr'><strong>nam</strong></span> <span class='ocrx_word' id='word_1_206' title='bbox 345 2354 402 2398; x_wconf 87' lang='lat' dir='ltr'><strong>de</strong></span> <span class='ocrx_word' id='word_1_207' title='bbox 456 2354 818 2400; x_wconf 83' lang='lat' dir='ltr'><strong>confirmatione</strong></span> <span class='ocrx_word' id='word_1_208' title='bbox 871 2354 952 2398; x_wconf 86' lang='lat' dir='ltr'><strong>hic</strong></span> <span class='ocrx_word' id='word_1_209' title='bbox 996 2343 1173 2399; x_wconf 86' lang='lat' dir='ltr'><strong>iterum</strong></span> <span class='ocrx_word' id='word_1_210' title='bbox 1227 2355 1309 2414; x_wconf 84' lang='lat' dir='ltr'><strong>agi.</strong></span> <span class='ocrx_word' id='word_1_211' title='bbox 1357 2367 1540 2396; x_wconf 84' lang='lat' dir='ltr'><strong>necesse</strong></span> <span class='ocrx_word' id='word_1_212' title='bbox 1593 2353 1694 2394; x_wconf 82' lang='lat' dir='ltr'><strong>non</strong></span> 
     </span>
     <span class='ocr_line' id='line_1_30' title="bbox 128 2422 1692 2482; baseline -0.001 -14"><span class='ocrx_word' id='word_1_213' title='bbox 128 2427 275 2482; x_wconf 83' lang='lat' dir='ltr'><strong>erat,)</strong></span> <span class='ocrx_word' id='word_1_214' title='bbox 306 2438 352 2469; x_wconf 91' lang='lat' dir='ltr'><strong>et</strong></span> <span class='ocrx_word' id='word_1_215' title='bbox 383 2425 625 2471; x_wconf 88' lang='lat' dir='ltr'><strong>conclusio</strong></span> <span class='ocrx_word' id='word_1_216' title='bbox 657 2427 921 2471; x_wconf 87' lang='lat' dir='ltr'><strong>tractandae</strong></span> <span class='ocrx_word' id='word_1_217' title='bbox 954 2426 1062 2476; x_wconf 89' lang='lat' dir='ltr'><strong>sint,</strong></span> <span class='ocrx_word' id='word_1_218' title='bbox 1095 2426 1372 2471; x_wconf 81' lang='lat' dir='ltr'><strong>ostenditur.</strong></span> <span class='ocrx_word' id='word_1_219' title='bbox 1405 2425 1476 2479; x_wconf 91' lang='lat' dir='ltr'><strong>(c.</strong></span> <span class='ocrx_word' id='word_1_220' title='bbox 1505 2422 1692 2478; x_wconf 81' lang='lat'><strong>6—8.)</strong></span> 
     </span>
    </p>

    <p class='ocr_par' dir='ltr' id='par_1_7' title="bbox 129 2493 1695 2840">
     <span class='ocr_line' id='line_1_31' title="bbox 164 2493 1695 2563; baseline -0.003 -23"><span class='ocrx_word' id='word_1_221' title='bbox 164 2558 174 2563; x_wconf 16' lang='lat' dir='ltr'>K</span> <span class='ocrx_word' id='word_1_222' title='bbox 211 2499 313 2540; x_wconf 86' lang='lat' dir='ltr'><strong>Iam</strong></span> <span class='ocrx_word' id='word_1_223' title='bbox 355 2496 580 2557; x_wconf 87' lang='lat' dir='ltr'><strong>quoniam</strong></span> <span class='ocrx_word' id='word_1_224' title='bbox 624 2511 786 2542; x_wconf 87' lang='lat' dir='ltr'><strong>auctor</strong></span> <span class='ocrx_word' id='word_1_225' title='bbox 823 2514 940 2558; x_wconf 88' lang='lat' dir='ltr'><strong>quae</strong></span> <span class='ocrx_word' id='word_1_226' title='bbox 971 2497 1026 2541; x_wconf 88' lang='lat' dir='ltr'><strong>de</strong></span> <span class='ocrx_word' id='word_1_227' title='bbox 1067 2496 1447 2540; x_wconf 88' lang='lat' dir='ltr'><strong>inventione</strong></span> <span class='ocrx_word' id='word_1_228' title='bbox 1493 2493 1695 2538; x_wconf 85' lang='lat' dir='ltr'><strong>dicenda</strong></span> 
     </span>
     <span class='ocr_line' id='line_1_32' title="bbox 130 2563 1694 2628; baseline -0.002 -19"><span class='ocrx_word' id='word_1_229' title='bbox 130 2580 261 2611; x_wconf 82' lang='lat' dir='ltr'><strong>erant</strong></span> <span class='ocrx_word' id='word_1_230' title='bbox 296 2566 380 2612; x_wconf 88' lang='lat' dir='ltr'><strong>lib.</strong></span> <span class='ocrx_word' id='word_1_231' title='bbox 424 2570 459 2611; x_wconf 91' lang='lat' dir='ltr'><strong>I.</strong></span> <span class='ocrx_word' id='word_1_232' title='bbox 503 2570 564 2611; x_wconf 91' lang='grc' dir='ltr'><strong>ΙΙ.</strong></span> <span class='ocrx_word' id='word_1_233' title='bbox 607 2581 653 2611; x_wconf 91' lang='lat' dir='ltr'><strong>et</strong></span> <span class='ocrx_word' id='word_1_234' title='bbox 678 2569 784 2614; x_wconf 84' lang='lat' dir='ltr'><strong>istis</strong></span> <span class='ocrx_word' id='word_1_235' title='bbox 815 2582 923 2614; x_wconf 89' lang='lat' dir='ltr'><strong>octo</strong></span> <span class='ocrx_word' id='word_1_236' title='bbox 952 2567 1070 2612; x_wconf 84' lang='lat' dir='ltr'><strong>libri</strong></span> <span class='ocrx_word' id='word_1_237' title='bbox 1098 2571 1182 2612; x_wconf 82' lang='grc' dir='ltr'><strong>ΙΙΙ.</strong></span> <span class='ocrx_word' id='word_1_238' title='bbox 1215 2565 1451 2628; x_wconf 85' lang='lat' dir='ltr'><strong>capi-tibus</strong></span> <span class='ocrx_word' id='word_1_239' title='bbox 1483 2563 1694 2609; x_wconf 82' lang='lat' dir='ltr'><strong>absolve-</strong></span> 
     </span>
     <span class='ocr_line' id='line_1_33' title="bbox 129 2635 1694 2698; baseline -0.001 -19"><span class='ocrx_word' id='word_1_240' title='bbox 129 2650 225 2684; x_wconf 83' lang='lat' dir='ltr'><strong>rat,</strong></span> <span class='ocrx_word' id='word_1_241' title='bbox 267 2638 364 2681; x_wconf 86' lang='lat' dir='ltr'><strong>iam</strong></span> <span class='ocrx_word' id='word_1_242' title='bbox 393 2638 609 2698; x_wconf 85' lang='lat' dir='ltr'><strong>procedit</strong></span> <span class='ocrx_word' id='word_1_243' title='bbox 638 2639 695 2682; x_wconf 82' lang='lat' dir='ltr'><strong>ad</strong></span> <span class='ocrx_word' id='word_1_244' title='bbox 731 2639 989 2682; x_wconf 87' lang='lat' dir='ltr'><strong>secundum</strong></span> <span class='ocrx_word' id='word_1_245' title='bbox 1027 2640 1227 2683; x_wconf 76' lang='lat' dir='ltr'><strong>oratoris</strong></span> <span class='ocrx_word' id='word_1_246' title='bbox 1257 2638 1503 2698; x_wconf 66' lang='lat' dir='ltr'><strong>officium,</strong></span> <span class='ocrx_word' id='word_1_247' title='bbox 1560 2635 1694 2696; x_wconf 85' lang='lat' dir='ltr'><strong>quod</strong></span> 
     </span>
     <span class='ocr_line' id='line_1_34' title="bbox 131 2708 1690 2769; baseline -0.002 -19"><span class='ocrx_word' id='word_1_248' title='bbox 131 2708 570 2769; x_wconf 83' lang='lat' dir='ltr'><strong>dispositione</strong></span> <span class='ocrx_word' id='word_1_249' title='bbox 613 2711 908 2760; x_wconf 68' lang='lat' dir='ltr'><strong>continetur-3</strong></span> <span class='ocrx_word' id='word_1_250' title='bbox 957 2709 1090 2753; x_wconf 86' lang='lat' dir='ltr'><strong>cuius</strong></span> <span class='ocrx_word' id='word_1_251' title='bbox 1121 2709 1215 2753; x_wconf 88' lang='lat' dir='ltr'><strong>duo</strong></span> <span class='ocrx_word' id='word_1_252' title='bbox 1247 2725 1418 2769; x_wconf 84' lang='lat' dir='ltr'><strong>genera</strong></span> <span class='ocrx_word' id='word_1_253' title='bbox 1447 2723 1690 2767; x_wconf 86' lang='lat' dir='ltr'><strong>exponun-</strong></span> 
     </span>
     <span class='ocr_line' id='line_1_35' title="bbox 130 2768 1687 2840; baseline -0.001 -19"><span class='ocrx_word' id='word_1_254' title='bbox 130 2789 233 2828; x_wconf 73' lang='lat' dir='ltr'><strong>tur,</strong></span> <span class='ocrx_word' id='word_1_255' title='bbox 285 2779 481 2824; x_wconf 79' lang='lat' dir='ltr'><strong>alterum</strong></span> <span class='ocrx_word' id='word_1_256' title='bbox 525 2778 591 2824; x_wconf 85' lang='lat' dir='ltr'><strong>ab</strong></span> <span class='ocrx_word' id='word_1_257' title='bbox 634 2768 1062 2826; x_wconf 75' lang='lat' dir='ltr'><strong>institutione</strong></span> <span class='ocrx_word' id='word_1_258' title='bbox 1105 2778 1260 2824; x_wconf 84' lang='lat' dir='ltr'><strong>artis</strong></span> <span class='ocrx_word' id='word_1_259' title='bbox 1302 2779 1687 2840; x_wconf 79' lang='lat' dir='ltr'><strong>profectum,</strong></span> 
     </span>
    </p>
   </div>
  </div>
 </body>
</html>
