1924 3224
632 229 1067 295 CAPUT
1184 241 1230 281 1.
1604 239 1729 283 xx1

148 403 381 459 XVIII.
439 414 502 457 et
537 405 704 458 XXI.
765 401 823 457 h.
868 420 917 457 e.
978 399 1147 458 intra
1210 419 1454 459 annum
1521 405 1594 459 V.
1636 406 1718 459 C.

149 519 287 589 664.
323 530 385 573 et
413 518 559 588 667.
663 521 794 573 Iam
821 514 1271 573 Herennianus
1310 515 1480 600 inter
1514 536 1720 573 exem-

143 632 252 710 pla
318 652 531 688 rerum
584 652 616 688 a
678 630 984 689 Romanis
1052 624 1369 709 gestarum
1439 631 1719 704 nullum,

147 747 325 824 quod
369 746 629 823 quidem
677 745 906 803 diserte
957 745 1438 817 memoraverit,
1504 737 1722 802 at‘tulit

151 861 500 931 recentius,
565 881 755 938 quam
798 866 863 917 P.
911 861 1175 939 Sulpicii
1217 861 1499 931 caedem,
1561 881 1721 937 quae

150 975 386 1055 incidit,
407 975 473 1031 in
508 996 752 1032 annum
780 980 851 1032 V.
885 980 948 1031 C.
983 978 1124 1043 665.
1185 976 1541 1053 Purgoldus
1583 974 1720 1052 qui-

156 1090 302 1147 dem
350 1089 741 1166 suspicatur,
790 1088 860 1144 in
907 1089 1003 1146 his
1055 1088 1263 1163 verbis
1307 1094 1453 1145 Her.
1485 1093 1589 1145 IV.
1624 1102 1722 1160 54.
1778 1137 1782 1139 ,

101 1270 103 1272 ,
159 1206 336 1288 Quod
389 1207 437 1260 si
497 1224 653 1259 nunc
717 1184 801 1258 L.
843 1204 935 1260 ille
979 1207 1205 1260 Brutus
1263 1205 1607 1272 reviviscat,
1666 1217 1726 1259 et

150 1318 248 1376 Tzic
301 1333 439 1374 ante
481 1319 655 1396 pedes
697 1331 922 1374 vestros
970 1319 1150 1387 adsit,
1198 1338 1314 1373 non
1361 1315 1471 1372 hac
1515 1330 1726 1372 utatur

152 1430 473 1490 oracione?
558 1437 700 1512 Ego
745 1453 911 1511 reges
943 1434 1107 1500 eieci,
1153 1453 1258 1488 vos
1303 1432 1594 1511 tyrannos
1642 1433 1722 1487 in-

157 1548 462 1604 troducitis
477 1570 503 1611 ;
547 1567 662 1626 ego
695 1545 1052 1615 libertatem,
1099 1566 1249 1623 quae
1279 1566 1396 1602 non
1435 1559 1594 1620 erat,
1623 1566 1722 1623 pe-

155 1664 313 1740 peri,
365 1670 489 1717 'vos
539 1673 786 1738 parcam
842 1681 1079 1717 servare
1131 1676 1248 1717 non
1302 1660 1521 1725 νηλεῶς
1607 1680 1722 1740 ego

158 1778 365 1853 capitis
428 1776 543 1831 mei
606 1774 866 1853 periculo
923 1777 1190 1852 patriam
1265 1773 1543 1844 liberavi,
1617 1795 1723 1831 vos

159 1889 321 1946 liberi
381 1891 500 1945 sine
553 1888 813 1966 periculo
876 1909 990 1945 esse
1048 1909 1164 1945 non
1228 1891 1448 1945 curatis
1502 1922 1586 1931 —-
1650 1888 1721 1944 in

160 2004 259 2062 his
331 2002 531 2082 igitur
590 2002 1222 2080 Mariana'tempora
1283 1979 1474 2080 tangi*
1527 2001 1726 2078 suspi-

162 2132 338 2176 catur
406 2118 466 2173 h.
528 2137 578 2173 e.
639 2136 881 2173 annum
950 2117 1126 2175 urbis
1187 2120 1326 2173 666.
1403 2136 1526 2192 quo
1588 2120 1724 2172 Ma-

160 2231 327 2289 riani
367 2252 587 2305 rerum,
613 2231 805 2308 potiti
844 2245 1035 2288 erant.
1126 2235 1363 2289 Verum
1407 2230 1471 2286 id
1515 2230 1726 2289 admo-

164 2346 318 2403 dum
356 2345 673 2401 lubricum
722 2360 782 2403 et.
818 2345 1134 2403 incertum
1177 2359 1287 2401 est.
1377 2349 1542 2401 Nam
1583 2343 1722 2400 istis

161 2459 405 2528 verbis,
454 2478 611 2535 quae
652 2474 869 2518 auctor
897 2458 1287 2536 composuit,
1335 2471 1408 2513 ut
1447 2456 1724 2536 figuram

167 2572 495 2643 orationis,
529 2593 716 2648 quam
762 2572 1502 2634 conformationem
1549 2571 1722 2641 dicit,

168 2688 460 2763 exemplo
494 2687 767 2762 quodam
796 2678 1174 2756 illustrhret,
1221 2684 1409 2742 facile
1441 2683 1590 2740 fieri
1617 2704 1724 2760 po-

166 2801 323 2873 tuit,
383 2814 455 2858 ut
512 2815 620 2858 aut
661 2802 920 2858 nullum
971 2814 1214 2858 certum
1263 2813 1546 2875 tempus,
1618 2810 1726 2854 aut
