1924 3224
265 219 334 264 20
617 172 1476 252 ΒΗΕΤ-ὀηιοόιὶυινι

261 368 630 441 Magnitudine
679 354 1010 437 tempestatis
1062 368 1282 438 quidam
1323 370 1602 437 'perterriti
1645 386 1845 431 *omnes

262 458 442 508 navim
461 455 840 525 ‘reliquerunm
900 465 952 503 et
1000 455 1056 503 in
1106 454 1355 523 scapham
1395 457 1834 516 conscenderunt,

261 551 473 611 praeter
513 559 678 591 unum
719 552 1011 611 aegrotum.
1098 541 1148 590 Is
1177 551 1394 608 propter
1419 541 1671 594 morbum
1698 545 1838 595 exire

261 638 315 676 et
353 624 536 697 fugere
574 644 681 678 non
713 628 926 694 potuit.'
1015 626 1153 675 Casu
1206 638 1255 675 et
1279 623 1544 678 ‘fortuitu
1590 630 1744 679 navi-s
1779 629 1840 680 iu

258 724 478 780 portum
519 712 803 762 incolumis
847 712 1019 762 delata
1058 723 1165 771 est3
1193 759 1195 762 ,
1223 710 1370 760 illam
1399 724 1647 784 aegrotus
1670 714 1838 782 possi·

262 798 380 858 det3
435 799 613 849 navim
658 799 795 864 petit
847 797 964 854 ille,
1036 799 1184 846 cuius
1234 794 1424 847 fuerat.
1527 801 1667 849 Haec
1715 808 1838 850 con·

260 886 475 934 stitutio
517 882 757 953 legitima
795 893 876 931 est
907 900 968 931 ex
1001 884 1201 949 scripto
1240 895 1294 932 et
1330 886 1610 938 sententia.
1691 893 1693 896 ’

369 958 463 1020 Ex'
500 970 892 1024 contrariis
954 967 1237 1039 legibus
1293 971 1659 1026 controversia
1714 976 1856 1025 oon-
1904 1012 1923 1032 W

259 1067 400 1115 stat,
441 1072 609 1124 quum
649 1052 749 1103 alia
785 1053 868 1102 lex
908 1052 1061 1102 iubet
1099 1064 1196 1102 aut
1229 1056 1521 1121 permittit,
1561 1054 1664 1105 alia
1691 1064 1840 1108 vetat
1880 1123 1882 1126 v

261 1145 537 1214 quippiam
563 1137 713 1199 fieri,
762 1136 867 1188 hoc
889 1141 1085 1189 modo:
1136 1140 1240 1188 Lex
1267 1151 1414 1190 vetat
1437 1158 1587 1201 eum,
1623 1143 1744 1212 qui
1771 1141 1838 1191 de

259 1229 503 1297 pecuniis
527 1226 838 1293 repetundis
866 1225 1146 1274 damnatus
1173 1227 1273 1284 sit,
1324 1228 1381 1275 iu
1421 1229 1678 1278 concione
1721 1244 1836 1278 ora·

259 1316 466 1363 tionem
503 1310 716 1361 habere.
789 1307 971 1360 Altera
1009 1310 1090 1360 lex
1127 1310 1281 1361 iubet
1318 1329 1606 1382 augurem,
1644 1314 1716 1362 ⁴Ain
1750 1313 1838 1363 de·

260 1400 465 1452 mortui
513 1396 693 1447 locum
746 1398 842 1466 qui
890 1407 1064 1463 petat,
1121 1397 1177 1444 in
1232 1400 1488 1448 concione
1532 1399 1835 1453 nominare.

258 1486 447 1555 Augur
484 1482 731 1553 quidam,
792 1482 1074 1556 damnatus
1124 1481 1187 1531 de
1225 1484 1465 1550 pecuniis
1503 1484 1834 1552 repetundis,

259 1572 317 1620 in
348 1570 617 1619 demortui
641 1568 817 1619 locum
842 1569 1157 1618 nominavit.
1206 1569 1416 1618 Petitur
1442 1567 1510 1618 ab
1531 1586 1594 1620 eo
1621 1568 1837 1620 mulctas

261 1657 591 1707 Constitutio
633 1651 760 1703 haec
794 1653 1030 1723 legitima
1067 1665 1148 1703 est
1187 1671 1248 1703 ex
1287 1656 1569 1705 contrariis
1606 1653 1834 1726 legibus.

367 1743 445 1790 Ex
475 1738 793 1810 ambiguo
823 1742 1183 1790 controversia
1212 1743 1467 1798 nascitur,
1499 1747 1667 1810 quum
1696 1757 1753 1790 re
1779 1741 1838 1789 in

259 1845 421 1877 unam
457 1829 770 1875 sententiam
816 1826 1039 1891 scripta,
1090 1827 1343 1891 scriptum
1373 1826 1505 1874 duas
1533 1836 1624 1874 aut
1657 1824 1838 1892 plures

260 1913 549 1963 sententias
613 1897 914 1981 significat,
990 1907 1094 1960 hoc
1155 1911 1347 1960 modoz
1420 1906 1831 1971 Paterfamilias,

261 2016 431 2067 quum
464 1994 641 2045 filium
678 1995 924 2046 heredem
964 1993 1188 2055 faceret,
1229 2006 1713 2050 testamento‚.vasa
1751 2013 1832 2045 ar·-

262 2094 450 2155 gentca
506 2083 658 2131 uxori
712 2078 937 2152 legavit:
1014 2097 1189 2131 immas
1251 2097 1398 2130 Meus
1453 2097 1625 2130 vxom
1675 2098 1829 2130 mnu.

261 2187 377 2218 xxx
413 2184 591 2217 PONDO
645 2185 910 2217 VASORUM
948 2179 1370 2218 ARGENTEOR'UM
1420 2183 1606 2224 DATO,
1680 2183 1828 2229 QUAE

262 2272 464 2303 vomer.
539 2257 664 2303 Post
692 2266 915 2304 mortem
946 2258 1058 2303 eius
1088 2271 1209 2303 vasa
1233 2255 1495 2320 pretiosa,
1549 2262 1602 2300 et
1629 2250 1831 2300 caelata

263 2337 579 2409 magnifice,
616 2342 748 2407 petit
781 2337 983 2387 mulier.
1059 2338 1224 2387 Filius
1247 2355 1330 2395 se,
1385 2353 1521 2407 quae
1543 2338 1655 2404 ipse
1683 2334 1830 2395 velit,

264 2426 322 2473 in
350 2443 460 2471 xxx
492 2426 670 2491 pondo
712 2426 759 2473 ei
789 2423 977 2474 debere
1005 2422 1148 2473 dicit.
1240 2425 1570 2474 Constitutio
1602 2433 1683 2470 est
1705 2420 1830 2491 legi-

266 2511 398 2559 tima
437 2527 496 2558 ex
534 2510 802 2580 ambiguo.

371 2597 448 2644 Ex
486 2593 920 2645 definitione
959 2604 1168 2646 constat
1194 2611 1383 2654 causa,
1425 2608 1590 2664 quum
1618 2594 1674 2642 in
1707 2609 1829 2643 con-

264 2680 522 2731 troversia
549 2690 644 2739 est,
686 2698 792 2749 quo
821 2680 1034 2731 nomine
1059 2679 1260 2730 factum
1287 2680 1592 2748 appelletur.
1645 2679 1723 2728 Ea
1749 2689 1830 2727 est

263 2763 603 2817 huiusmodi:
665 2768 841 2832 Quum
883 2770 940 2817 L.
984 2769 1302 2817 Saturninus
1341 2766 1507 2837 legem
1543 2761 1829 2812 frumenta-

264 2853 401 2900 riam
441 2851 505 2901 de
542 2851 850 2902 semissibus
888 2864 941 2902 et
977 2851 1262 2901 trientibus
1304 2851 1509 2901 laturus
1549 2859 1713 2905 esset,
1764 2849 1829 2912 Q.
