1878 3198
200 191 202 196 ⁸
296 192 1298 288 ¹¹2¹41)⁴11152=R23NNIUM·111·„2¹·
1456 245 1460 248 ’
1543 239 1611 287 83

47 384 106 429 ‘et
168 382 226 427 M
241 395 311 426 en
331 381 425 426 ela
439 398 547 427 um.
643 382 760 427 Inde
827 397 998 442 Parum
1019 404 1030 420 a
1062 381 1270 426 'feliciter
1316 360 1610 429 „Gronovius

47 469 203 514 eruit:
258 481 326 514 ut
366 452 456 522 {asd'
476 467 923 530 Iphigeniam,
969 454 1419 517 Calchantem,
1463 469 1607 526 Aga-

44 561 442 600 memnonem
484 570 507 598 e
524 567 543 598 t
587 555 643 598 M
661 571 729 598 en
746 553 981 605 eham.)
1015 555 1151 599 Nam
1183 554 1300 613 quid
1330 569 1505 608 omnes·
1523 553 1606 597 has

45 648 273 701 personas
310 639 391 706 hie
432 655 698 685 memorare
723 638 959 685 ‘attinebat
972 672 985 690 ‚
1032 653 1182 700 quum
1196 642 1368 713 lunum
1397 638 1606 685 vocabu-

45 726 153 771 lum
199 728 242 771 A
258 740 312 771 tr
324 727 345 770 i
360 727 390 770 d
402 743 427 770 a
441 743 466 770 e
517 726 727 786 imagine
767 775 769 777 ,
784 738 904 770 esset
947 725 1327 784 exprimendum.
1399 728 1458 769 In
1501 725 1606 769 cod.

40 811 223 858 Duisb.
268 825 338 857 est
379 811 732 857 subornare
785 823 1123 871 vagantem
1173 810 1611 871 Iphigenia-m..

42 898 294 946 R'Iittimus
360 897 562 957 reliqua.
664 901 723 941 In
766 913 799 941 v
816 911 970 967 agan
988 909 1109 939 tem
1160 893 1276 940 latet
1329 911 1484 956 agen
1501 909 1555 941 te
1573 912 1607 942 s.

43 984 236 1042 Nempe
278 983 332 1026 in
376 983 615 1043 tragoedia
660 970 916 1042 Iphigenia
957 983 1054 1027 duo
1097 994 1228 1025 acto]
1232 998 1276 1034 es
1316 983 1532 1042 Aesopus
1566 995 1611 1026 et

43 1069 249 1114 Cimber
290 1068 489 1129 agebant
530 1058 940 1128 Agamemnonem
988 1081 1033 1111 et
1069 1066 1360 1111 Menelaum.
1421 1061 1486 1111 Ut
1515 1068 1611 1127 igi·
1626 1110 1641 1115 ,,

13 1130 19 1141 ¹
47 1167 125 1198 tur
167 1155 517 1214 exprimeretur
558 1154 770 1214 imagine
811 1153 1104 1199 vocabulum
1149 1155 1262 1211 Ati·
1274 1152 1295 1194 i
1310 1153 1340 1196 d
1355 1170 1378 1196 a
1395 1170 1417 1196 e
1434 1185 1445 1203 ,
1479 1152 1608 1196 nihil

48 1253 148 1284 erat
186 1240 347 1299 ‘aptius
361 1272 373 1290 ,
428 1255 569 1300 quam
614 1240 776 1283 animo
821 1239 917 1283 sibi
957 1238 1142 1301 fingere
1183 1241 1225 1282 A
1241 1255 1264 1282 e
1279 1255 1298 1282 s
1319 1233 1392 1298 op
1410 1256 1443 1282 u
1458 1256 1508 1282 m
1552 1249 1611 1283 e't

47 1325 380 1370 Cimbrum
461 1326 529 1368 in
599 1311 955 1386 Iphigenia
1021 1337 1281 1385 agentes
1324 1324 1609 1386 Agame-

45 1426 339 1456 mnonem
382 1421 443 1454 et
482 1408 868 1455 Menelaum.
947 1410 1027 1454 Sic
1070 1410 1232 1454 omnia
1264 1406 1561 1497 planissima.

130 1499 239 1556 Pag.
268 1511 361 1539 100.
414 1512 462 1542 v.
489 1505 561 1550 25.
621 1509 796 1540 trans
814 1512 872 1539 ea
889 1511 1019 1539 mus
1062 1520 1120 1532 —-
1176 1498 1312 1539 Unus
1344 1481 1438 1540 Ms.
1467 1497 1610 1540 Lam-

45 1579 148 1626 bin.
191 1593 361 1625 trans
377 1581 477 1642 iga
493 1597 636 1626 mus·
697 1581 788 1625 Sed
817 1580 941 1624 illud
968 1595 1158 1626 verum
1171 1592 1267 1625 est·
1256 1613 1270 1629 ‚
1327 1593 1462 1633 tran
1480 1597 1498 1624 s
1514 1580 1569 1623 ir
1586 1597 1610 1626 e

46 1666 96 1711 h.
127 1666 158 1710 l.
195 1679 265 1711 est
296 1665 501 1727 legendo
532 1682 827 1726 percurrere.
896 1683 898 1687 ’
1196 1686 1205 1707 ι
1257 1679 1260 1685 ·
1288 1684 1290 1686 ·

130 1752 241 1812 Pag.
263 1768 369 1797 .100.
425 1767 473 1798 v.
495 1753 569 1801 26.
641 1751 723 1795 im
742 1770 763 1795 a
781 1747 968 1812 ginib
989 1765 1056 1796 us
1096 1777 1155 1786 —
1214 1740 1350 1796 cum
1393 1747 1611 1811 imagi5

45 1838 114 1882 ni
128 1837 158 1882 b
171 1854 206 1881 ιι
222 1853 243 1882 ο
302 1836 433 1898 vulg.
502 1838 591 1882 Sed
645 1836 1000 1899 praepositione
1060 1836 1142 1881 hic
1197 1835 1336 1880 facile
1381 1852 1609 1897 caremus.

44 1924 112 1967 Et
152 1921 298 1982 paulo
345 1936 452 1966 ante
493 1906 645 1966 dixit:
705 1923 864 1967 verb
885 1937 1060 1967 orum
1113 1900 1533 1966 simil'itu‘din
1552 1939 1610 1966 es

8 2044 11 2047 ,
46 2006 456 2072 imaginibus
511 2009 892 2068 exprimere.

133 2095 242 2153 Pag.
285 2107 381 2137 100.
423 2110 471 2137 v.
507 2106 576 2148 27.
667 2106 937 2143 naturae
999 2107 1160 2154 supp
1179 2092 1459 2138 editabit
1515 2094 1620 2137 do*-

50 2178 259 2222 ctrina
301 2203 360 2215 -ι
429 2181 574 2222 Recte
615 2177 840 2223 Lambin.
880 2196 906 2228 e
955 2180 1047 2222 Ms.
1091 2195 1190 2223 uno
1235 2195 1254 2222 s
1277 2195 1348 2237 up
1367 2195 1396 2238 p
1414 2179 1610 2222 edita-

47 2262 81 2307 b
95 2263 116 2305 i
128 2276 147 2306 t
196 2263 230 2306 i.
283 2281 321 2307 e.
360 2324 362 2326 ¹
378 2264 619 2324 suppetias
679 2265 812 2328 feret.
893 2265 1221 2324 Suffragantur
1276 2264 1381 2307 cod.
1434 2263 1612 2307 Duisb.

6 2347 8 2350 ’
50 2347 177 2392 Pith.
213 2347 269 2393 al.
316 2350 365 2394 N
378 2366 401 2391 a
417 2362 435 2392 t
447 2365 512 2393 ur
527 2366 551 2392 a
563 2366 589 2392 e
631 2362 700 2393 est
732 2349 779 2395 h.
811 2349 843 2393 l.-
892 2349 1100 2394 naturali
1147 2348 1385 2394 ediscendi
1421 2347 1581 2392 labori
1596 2365 1614 2397 ;

51 2433 84 2476 d
100 2448 127 2476 o
144 2449 168 2476 c
181 2433 311 2477 trin
325 2450 348 2476 a
392 2447 462 2478 est
493 2433 762 2478 artificialis
797 2435 1070 2493 imaginum
1100 2451 1227 2481 usuS.
1289 2433 1441 2492 Multi
1474 2423 1613 2479 οοᾶὀ).

50 2517 229 2562 habent
269 2535 290 2562 s
307 2534 467 2579 upxpe
483 2518 813 2564 ditabitur.

135 2604 256 2661 Pag)
281 2620 375 2648 100.
415 2621 462 2650 v.
493 2616 563 2657 27.
601 2613 669 2659 28.
745 2618 1008 2665 utraque
1057 2621 1128 2649 ex
1172 2604 1371 2667 altera
1399 2621 1430 2666 p
1446 2619 1614 2650 arata

52 2704 103 2732 m
116 2705 139 2730 a
153 2689 247 2748 gis
288 2708 291 2710 ⁴
307 2706 330 2732 e
344 2689 401 2732 ri
416 2702 435 2733 t
481 2689 624 2733 firm
638 2707 661 2734 a
702 2716 761 2728 --·
851 2692 985 2734 Hanc
1026 2689 1283 2735 lectionem
1327 2691 1543 2735 eruimus
1586 2708 1609 2734 e

53 2772 271 2832 vestigiis
306 2774 442 2819 codd.
473 2775 730 2820 meliorum
747 2800 760 2826 5
802 2777 851 2821 N
865 2793 887 2819 a
902 2790 951 2819 m
1003 2792 1031 2835 q
1048 2792 1081 2820 u
1098 2791 1128 2818 ιι
1142 2792 1191 2819 m
1237 2792 1260 2819 e
1273 2792 1306 2821 x
1345 2793 1378 2820 ιι
1394 2790 1413 2820 t
1425 2793 1449 2819 r
1461 2794 1483 2819 a
1497 2793 1572 2834 qu
1585 2791 1608 2818 e
