1924 3224
628 239 666 282 O
726 239 861 282 A‘P
919 237 1063 280 UT
1192 239 1274 282 11.
1666 238 1733 282 LI

165 401 382 459 Cicero
409 380 568 458 'vero
615 399 836 470 etiam,
886 418 1044 476 quae
1088 393 1511 457 rhetorice
1550 420 1734 477 voce-

160 531 300 586 tur,
363 535 498 574 esse
555 512 1111 571 artificiosam
1173 514 1733 591 eloquentiam

161 630 392 688 dicat.“
482 633 693 686 Locus
723 642 818 685 est
862 628 1028 704 apud
1056 629 1178 685 Cic.
1212 628 1287 685 de
1321 633 1458 686 Inv.
1508 634 1552 686 I.
1590 646 1659 698 5.

288 745 503 825 Quint.
539 748 609 801 V.
652 761 744 812 ιο,
777 745 830 798 6.
879 741 1197 822 „Quidam
1231 742 1734 820 epicherema

161 859 475 917 rationem
539 857 940 935 appellarunt
959 901 974 927 ,
1051 855 1268 914 Cicero
1326 842 1584 915 melius*
1620 880 1649 914 r
1671 879 1730 914 a·

160 974 277 1032 tio
295 974 424 1031 cin
446 971 608 1029 atio
628 991 675 1028 n
696 991 727 1027 e
746 991 844 1039 m3
923 991 1304 1047 quamquam
1356 985 1418 1027 et
1469 970 1580 1027 ille
1620 983 1734 1029 no-'

159 1107 310 1145 men
350 1088 472 1144 hoc
514 1085 770 1142 duxisse
813 1084 1015 1163 magis
1063 1105 1092 1141 a
1141 1085 1519 1163 syllogismo
1560 1085 1735 1142 vide-

157 1216 279 1258 tur.
371 1205 535 1256 Nam
580 1213 640 1281 et
688 1212 921 1255 statum
965 1197 1439 1278 syllogisticum
1486 1198 1728 1257 ratio-
1776 1183 1806 1292 l*

161 1315 294 1372 cin
314 1314 619 1372 ativum
684 1312 988 1389 appellat,
1052 1311 1486 1389 exemplisque
1526 1313 1728 1370 utitur

158 1429 709 1507 philosophorum.
814 1427 896 1484 Et
943 1426 1249 1502 quoniam
1295 1441 1386 1484 est
1428 1428 1729 1504 quaedam

160 1544 328 1602 inter
369 1541 818 1620 syllogismum
866 1553 927 1596 et
980 1539 1366 1618 epicherema
1409 1540 1727 1614 vicinium,

160 1669 370 1735 potest
401 1655 602 1713 videri
620 1655 741 1712 hoc
773 1653 1231 1712 nomine-recte
1250 1654 1540 1712 abusus.“
1596 1659 1657 1713 R
1674 1677 1731 1714 a·

160 1771 222 1828 ti
241 1792 277 1828 o
296 1768 756 1827 cinationis
795 1768 1106 1826 vocabulo
1142 1767 1346 1825 utitur
1390 1768 1606 1841 Cicero
1651 1770 1727 1827 de

161 1889 297 1942 Inv.
341 1887 387 1940 I.
430 1894 528 1954 51.
573 1896 634 1941 et
676 1881 960 1959 saepius3
1011 1897 1210 1941 status
1244 1884 1453 1940 autem
1495 1883 1729 1940 ratio-

161 1997 580 2056 cinativus
625 1996 900 2054 occurrit
929 1995 1079 2053 ibid.
1111 2002 1156 2053 I.
1200 2016 1289 2067 13.

290 2109 557 2192 Quintil.
597 2115 666 2170 V.
698 2131 789 2182 10,
825 2127 921 2183 73.
968 2112 1132 2182 „Illa
1160 2132 1431 2189 quoque,
1464 2133 1621 2189 quae
1652 2133 1727 2170 ex

163 2225 350 2286 rebus
402 2239 691 2281 mutuam
748 2222 1308 2282 confirmationem
1349 2225 1722 2301 praestanti-

162 2317 283 2396 bus
328 2339 680 2409 ducuntur,
751 2359 907 2414 quae
951 2337 1195 2414 prOPrii
1234 2338 1480 2417 generis
1523 2339 1728 2396 videri

168 2453 426 2531 quidam
451 2451 682 2508 volun-t
723 2465 786 2507 et
826 2459 1060 2508 'vocant
1096 2447 1169 2507 ἐκ
1207 2448 1343 2507 Τῶν
1383 2443 1553 2527 πρὸς
1603 2446 1727 2509 ἂλ-

153 2561 366 2649 ’ληλα
414 2563 626 2620 Cicero
662 2585 734 2620 ecc
786 2561 954 2619 rebus
994 2562 1098 2620 sub
1136 2544 1406 2620 eamdem
1436 2566 1727 2621 'racionem

166 2676 539 2747 venientibus,
559 2674 809 2733 fortiter
826 2676 1362 2753 consequentibus
1385 2676 1539 2733 iunx
1551 2675 1726 2734 erim.

169 2833 204 2859 ‚‚
226 2788 289 2846 Si
327 2789 679 2867 portorium
711 2790 977 2850 Rhodiis
1005 2791 1212 2848 locare
1242 2792 1587 2849 honestum
1617 2805 1729 2862 est,
