1878 3198
176 210 352 283 *234
680 213 1345 287 ‚CICERO'NIs

245 390 363 429 tum
399 378 681 435 tenuisset,
739 377 1186 427 Lacedaemonios
1223 373 1466 437 funditus
1509 368 1687 438 vicit3‘
1711 388 1809 448 po*-

244 467 370 514 terit
395 474 671 512 accusator
708 464 1160 532 argumentatione
1186 465 1266 512 uti
1307 481 1400 531 per
1425 464 1809 525 inductionem,

247 567 412 619 quum
464 550 717 615 scriptum
764 548 894 619 legis
944 559 1128 599 contra
1175 525 1817 608 sententiamssdefeudat,

246 635 314 685 ad
356 633 496 684 hunc
529 634 778 684 modum:
844 635 984 692 „si‚
1023 634 1255 691 iudices,
1294 633 1383 692 id,
1423 634 1570 703 quod
1600 635 1811 701 Epami·-

244 720 451 771 nondas
494 721 569 768 ait
610 719 740 789 legis
789 721 1097 786 scriptorem
1145 721 1397 778 sensisse,
1473 718 1704 777 ascribat
1743 718 1812 770 ad

243 804 443 876 legem,
496 816 548 854 et
587 805 747 854 addat
782 806 1138 872 exceptionem
1179 803 1345 863 hanc,
1411 821 1611 858 nxrnA,
1647 813 1812 869 quau

246 906 297 951 ,⁵1
348 907 872 953 qmsnmrussmcim
916 907 1097 941 CAUSA
1146 906 1473 940 Exnncrrum
1519 895 1628 941 noi<
1676 906 1814 941 rnn-

242 993 508 1035 mmmm,
566 975 880 1043 patiemini?
941 978 1061 1027 Non
1100 971 1308 1043 opinor.
1411 975 1572 1040 Quod
1611 977 1667 1025 si—
1694 988 1812 1026 vos-

243 1062 484 1128 metipsi,
527 1061 672 1132 quod
703 1080 732 1110 a
770 1073 943 1113 vestra
966 1062 1223 1133 religione
1260 1072 1311 1110 et
1347 1061 1607 1127 sapientia
1632 1075 1813 1112 „remo-

242 1147 511 1195 tissimum
539 1158 648 1204 est,
684 1149 854 1196 istius
882 1145 1102 1197 honoris
1129 1144 1285 1196 causa
1322 1145 1460 1196 hanc
1486 1145 1706 1214 eandem
1730 1161 1812 1210 exj

243 1233 571 1298 ceptionema,
611 1234 816 1281 iniussu
853 1233 1066 1299 populi,
1108 1232 1175 1281 ad
1213 1231 1380 1302 legem
1414 1230 1607 1281 ascribi
1631 1228 1814 1281 iubea-

241 1317 344 1373 tis‚
383 1316 610 1383 populus
643 1316 925 1367 Thebanus
955 1317 1011 1367 id
1035 1319 1331 1384 patieturne
1357 1313 1517 1366 fieri?
1565 1312 1819 1369 Profecto*

241 1417 353 1451 non
394 1403 639 1468 patietur.
740 1402 902 1467 Quod
951 1418 1075 1471 ergo
1116 1399 1308 1450 ascribi
1349 1401 1418 1450 ad
1451 1400 1621 1470 legem
1661 1397 1810 1451 nefas

244 1485 355 1543 est,
407 1486 463 1536 id
505 1487 686 1555 sequi,
740 1488 894 1556 quasi
928 1488 1216 1553 ascriptum
1255 1487 1354 1544 sit,
1414 1496 1618 1535 rectum
1654 1484 1814 1542 nobis

242 1572 527 1623 videatur?
577 1573 715 1623 Novi
753 1583 978 1623 vestram
1015 1572 1450 1642 intelligentiam,
1490 1588 1598 1622 non
1636 1581 1816 1640 potest
1850 1618 1859 1621 -

242 1659 319 1707 ita
359 1657 559 1716 videri,
613 1658 841 1706 iudices..
923 1658 1082 1722 Quod
1122 1659 1168 1706 si
1204 1653 1374 1707 literis
1406 1642 1602 1729 corrigi
1642 1672 1815 1727 neque

245 1741 311 1791 ab
351 1742 473 1800 illo,
533 1759 703 1812 neque
745 1741 964 1795 a'vobis
1001 1743 1275 1810 scriptoris
1321 1742 1570 1794 voluntas
1605 1753 1812 1810 potest3

242 1828 419 1878 videte
473 1844 537 1877 ne
586 1827 754 1876 multo
805 1827 1076 1896 indignius
1126 1830 1225 1884 sit,
1290 1828 1347 1877 id
1398 1845 1454 1877 re
1504 1838 1556 1876 et
1611 1827 1812 1878 iudicio

243 1925 420 1965 vestro
460 1913 684 1968 mutari,
753 1910 899 1980 quod
938 1927 1001 1960 ue
1039 1910 1201 1963 verbo
1240 1912 1455 1981 quidem
1494 1912 1811 1963 commutari
1856 1904 1859 1907 ’

242 2006 481 2067 potest.“

351 2086 430 2134 Ac
480 2083 544 2133 de
588 2081 901 2132 inductione
951 2082 1168 2150 quidem
1221 2083 1348 2132 satis
1400 2082 1458 2131 in
1516 2082 1814 2150 praesentia

246 2169 448 2221 dictum
485 2168 711 2219 videtur.
784 2167 937 2216 Nunc
974 2167 1217 2235 deinceps
1243 2168 1671 2218 ratiocinationis
1701 2169 1812 2219 vim

248 2266 302 2306 et
336 2266 579 2304 naturam
620 2253 1029 2303 consideremus.

352 2349 439 2405 54.
491 2339 984 2389 Ratiocinatio
1023 2350 1103 2388 est
1143 2340 1314 2389 oratio
1364 2355 1424 2388 ex
1462 2339 1576 2406 ipsa
1603 2353 1660 2387 re
1688 2353 1810 2405 pro-

245 2425 422 2476 babile
461 2424 664 2495 aliquid
704 2423 942 2482 eliciens,
1009 2424 1155 2492 quod
1196 2425 1490 2490 expositum
1532 2434 1585 2473 et
1622 2438 1716 2490 per
1752 2437 1808 2472 se

247 2512 551 2581 cognitum,
591 2528 685 2559 sua
725 2527 780 2559 se
820 2511 873 2560 vi
906 2520 959 2559 et
995 2510 1198 2558 ratione
1234 2506 1530 2559 confirmet.
1602 2508 1716 2556 Hoc
1743 2506 1809 2557 de

247 2611 434 2667 genere
485 2597 580 2664 qui
626 2596 931 2666 diligentius
983 2594 1423 2644 considerandum
1467 2602 1805 2660 putaverunt,

247 2698 414 2751 quum
450 2681 588 2730 idem
625 2699 725 2730 usu
765 2681 974 2731 dicendi
1011 2691 1384 2748 sequerentur,
1442 2677 1715 2746 paululum
1750 2678 1810 2727 in
1858 2680 1859 2683 ’

246 2766 605 2836 praecipiendi
665 2769 869 2817 ratione
937 2766 1313 2817 dissenserunt.
1422 2765 1556 2815 Nam
1613 2762 1807 2831 partim
