1878 3198
1693 112 1703 139 i

225 218 894 300 RHETQRICORUM
951 219 1108 265 LIB.
1150 220 1221 264 ΙΙ,
1263 230 1345 273 50.
1388 231 1470 274 51.
1566 235 1673 292 519

101 387 206 437 1100
253 383 463 442 differt,
528 383 675 453 quod
724 385 780 432 in
826 382 918 432 illo
969 382 1212 433 concedit
1255 398 1310 432 se
1357 396 1475 431 reus
1516 362 1670 449 opor-

101 474 270 522 tuisse
310 469 480 520 facere
517 470 603 526 id,
678 468 824 537 quod
864 465 986 522 fieri
1023 467 1164 525 dicat
1203 479 1478 516 accusator
1518 485 1673 534 opor„-

100 560 299 615 tuisse‚
341 557 443 606 sed.
470 554 627 604 alicui
663 556 769 612 rei,
810 564 901 602 aut
926 552 1141 602 hominiv
1167 570 1379 602 causam
1406 551 1672 611 attribuit,

47 630 49 638 Α
102 658 238 710 quae
278 641 543 691 voluntati
579 658 702 694 suae
746 637 926 694 fuerit,
951 639 1361 705 impedimento,
1404 640 1516 686 sine
1553 655 1675 691 conf

101 729 353 778 cessionis
383 725 642 794 partibus.
718 726 852 774 Nam
889 741 1067 772 earum
1096 725 1266 774 maior
1300 724 1559 794 quaedam
1596 725 1674 774 vis

102 823 211 871 est3
278 812 424 881 quod
461 811 620 879 paulo
658 822 779 877 post
819 808 1162 878 intelligetur.
1259 808 1320 857 In
1355 808 1459 859 hoc
1497 821 1675 859 autem

72 915 210 947 »11011
249 910 491 958 accus‘are
530 896 788 952 alterum,
829 912 925 943 nec
964 893 1173 960 culpam
1212 895 1267 941 in
1309 895 1470 943 alium
1507 906 1674 943 trans-

102 980 238 1031 ferre
277 983 462 1040 debet,
527 982 618 1031 sed
670 981 1058 1037 demonstrare,
1124 997 1238 1028 eam
1287 997 1397 1029 rem
1435 979 1571 1029 nihil
1609 961 1680 1030 ad

103 1057 188 1126 se,
230 1086 399 1138 neque
439 1067 505 1118 ad
542 1077 891 1134 potestatem,
932 1082 1103 1133 neque
1143 1066 1209 1114 ad
1249 1063 1488 1115 officium
1519 1083 1676 1120 suum

72 1155 424 1220 .pertinuisse
476 1165 569 1201 aut
619 1153 897 1219 pertinere.
998 1155 1175 1218 Atque
1222 1152 1278 1198 in
1327 1149 1430 1204 hoc
1488 1167 1688 1221 genere.

101 1238 208 1289 hoc
245 1239 437 1288 accidit
473 1240 630 1293 novi,
672 1236 818 1305 quod
858 1247 1135 1284 accusator
1173 1253 1388 1304 quoque
1426 1252 1678 1303 saepeex

24 1380 25 1387 ἵ
98 1328 404 1382 remotione
431 1324 856 1375 criminationem
879 1317 1114 1370 conficit.
1190 1322 1289 1378 Ut,
1331 1324 1377 1370 si
1405 1324 1525 1391 quis
1556 1339 1678 1370 eum

47 1424 52 1428 “
104 1422 345 1467 accuset,
387 1412 511 1479 qui,
553 1427 716 1478 quum
743 1419 956 1474 praetor
993 1417 1156 1464 esset,
1197 1409 1252 1455 in
1285 1391 1678 1474 expeditionem

104 1496 173 1546 ad
212 1513 357 1544 arma
395 1495 653 1562 populum
679 1496 914 1549 vocarit,
956 1510 1121 1559 quum
1147 1491 1386 1540 consules
1415 1493 1677 1542 adessent.

101 1582 238 1630 Nam
282 1592 344 1628 ut
392 1582 447 1627 in
486 1582 757 1646 superiore
808 1578 1044 1644 exemplo
1085 1575 1204 1626 reus
1249 1576 1315 1625 ab
1356 1594 1454 1626 suo
1495 1575 1677 1626 officio

106 1677 157 1714 et
197 1683 226 1713 a
266 1682 361 1713 sua
411 1676 671 1730 potestate
711 1661 912 1711 factum
954 1662 1296 1721 demovebat3
1366 1664 1442 1711 sic
1479 1664 1535 1711 in
1574 1661 1679 1711 hoc

105 1750 172 1799 ab
213 1752 324 1800 eius
365 1748 543 1799 officio
595 1765 654 1796 ac
691 1760 984 1814 potestate,
1054 1749 1148 1816 qui
1198 1757 1504 1804 accusatur,
1565 1749 1678 1814 ipse

106 1847 381 1884 accusator
418 1832 617 1883 factum
654 1833 1008 1891 removendo,
1060 1831 1160 1881 hac
1186 1834 1301 1899 ipsa
1321 1835 1528 1882 ratione
1556 1850 1678 1882 con-

107 1918 290 1969 firmat
328 1922 730 1969 accusationem.
806 1920 866 1967 In
903 1917 1002 1967 hac
1039 1916 1104 1966 ab
1145 1928 1372 1987 utroque
1412 1935 1472 1967 ex
1511 1920 1678 1967 omni-

106 2004 205 2054 bus
242 2004 568 2061 honestatis,
610 2016 662 2052 et
700 2003 947 2053 utilitatis
985 2001 1255 2070 partibus,
1295 2003 1571 2069 exemplis,
1612 2004 1678 2052 si·

107 2093 254 2161 gnis,
316 2089 714 2145 ratiocinando,
779 2088 910 2157 quid
960 2090 1217 2157 cuiusque
1270 2085 1467 2144 officii,
1526 2089 1676 2145 iuris,

106 2177 387 2245 potestatis
425 2177 523 2238 sit,
566 2176 751 2242 quaeri
777 2173 1076 2240 oportebit,
1119 2186 1171 2222 et
1197 2170 1425 2221 fueritne
1451 2173 1527 2228 ei,
1569 2188 1678 2239 quo

104 2261 174 2310 de
211 2263 414 2331 agitur,
456 2260 513 2308 id
551 2261 712 2315 iuris,
768 2256 962 2316 officii,
1015 2260 1299 2326 potestatis
1338 2256 1676 2314 attributum,

108 2364 284 2395 necne.
363 2348 530 2395 Locos
569 2356 743 2392 autem
785 2361 1093 2393 communes
1126 2360 1186 2391 ex
1211 2345 1325 2408 ipsa
1349 2359 1434 2398 re,
1475 2343 1520 2390 si
1549 2341 1680 2410 quid

110 2433 492 2501 indignationis
533 2441 592 2478 ac
632 2431 1029 2498 conquestionis
1065 2426 1315 2486 habebit,
1357 2427 1679 2493 5111ῃί01101·-

34 2511 52 2573 ’,
111 2515 260 2566 tebit.

196 2615 302 2661 51.
366 2602 741 2652 Concessio
793 2613 901 2659 est,
964 2617 1058 2667 per
1107 2615 1280 2666 quam*
1319 2614 1430 2646 non
1480 2594 1679 2646 factum

45 2725 56 2741 Ι
81 2710 90 2720 ’
113 2687 285 2753 ipsum
323 2686 580 2754 probatur
618 2685 681 2735 ab
721 2703 841 2746 reo;
897 2686 987 2734 sed
1026 2695 1085 2732 ut
1123 2685 1466 2753 ignoscatur,
1501 2683 1555 2731 id
1592 2698 1679 2749 pe-

103 2772 262 2835 stitur.
340 2774 502 2821 Cuius
537 2782 712 2838 partes
752 2783 877 2821 sunt
913 2770 1079 2826 duae,
1129 2770 1374 2837 purgatio
1419 2779 1470 2816 et
1498 2767 1677 2833 depre-
