1878 3198
255 148 262 167 ἱ

252 187 257 206 ’
391 175 497 237 ΑΒ
554 192 1056 252 HERENNIUM
1112 196 1211 239 111.
1265 206 1384 250 25„
1595 209 1666 260 75

32 360 34 362 “
94 361 158 394 et
193 363 302 409 ‘per
339 348 448 410 ign
462 350 664 396 aviam
678 384 692 403 ,
737 350 825 397 ubi
864 353 916 397 in
964 352 1106 398 editis
1135 353 1280 430 semel
1309 366 1495 399 tantum
1522 367 1668 416 patet.

92 437 183 481 Ita
207 433 302 480 linc
339 434 469 490 hbro
511 453 551 483 c.
585 445 628 492 4.
651 426 728 506 in
767 440 946 500 scripto
986 425 1156 485 inveni
1207 440 1272 485 in
1325 439 1454 486 vim
1502 457 1527 485 e
1542 454 1562 486 t
1601 440 1668 487 in

95 521 480 569 consil-ium.
516 523 653 569 Lib.
684 527 748 569 ΙΙ.
785 541 921 571 c.11.
979 524 1047 571 i'n
1090 525 1242 572 duas
1282 539 1390 572 aut
1428 527 1494 572 in
1533 527 1670 589 plu·

93 623 217 652 res.
259 622 299 653 c.
322 616 402 665 28.
459 609 527 654 de
575 611 833 656 nomine
874 626 932 657 et
973 612 1043 656 de
1082 613 1431 659 vocabulo.
1500 613 1597 659 Sic'
1623 627 1672 666 et

93 695 201 745 Inv.
244 695 283 738 Ι.
331 705 403 750 15.
449 697 541 741 Ms.
601 697 813 758 optimus
848 698 996 748 habet
1043 698 1106 743 in
1155 699 1300 760 prin
1315 700 1417 762 cip
1433 699 1565 744 ium
1614 712 1673 745 et

67 771 159 823 'in
211 792 727 826 insinuationem
745 799 757 834 3
819 783 894 828 ibi
935 785 1140 846 denique
1181 785 1317 830 idem‘
1355 799 1402 830 et
1451 801 1490 831 c.
1520 797 1591 840 55.
1646 802 1673 829 a

95 861 307 908 vestra
371 866 706 927 religione
760 882 822 913 et
863 886 888 913 a
944 870 1258 931 sapientia
1319 883 1559 922 vestra,
1617 883 1677 915 ut

91 950 164 995 ait
188 951 530 998 Gothofr‘edus.
546 960 578 980 “
615 956 874 1019 -hHactenus
905 956 1182 1002 Gronovius
1196 989 1211 1008 ‚
1243 956 1324 1001 cui
1353 956 1673 1018 suffragantur

92 1037 330 1083 Graevius
360 1051 407 1083 et
434 1040 637 1086 Ernesti.

177 1126 289 1184 Pag.
323 1139 394 1184 91.
425 1141 475 1171 v.
506 1135 577 1183 25.
633 1127 1104 1175 demonstratio
1149 1141 1243 1182 est
1280 1149 1340 1163 ·--
1404 1127 1554 1189 Vulg'.
1597 1127 1678 1172 ad·

94 1208 228 1254 ditur
271 1227 299 1255 o
313 1226 339 1254 ι·
350 1228 375 1255 a
389 1211 437 1256 ti
452 1227 479 1257 0
493 1244 508 1267 2
552 1212 684 1272 quod
710 1214 887 1258 rectius
931 1215 986 1258 in
1016 1213 1122 1259 aliis
1151 1216 1266 1278 Mss.
1296 1214 1556 1259 omittitur.

180 1299 289 1366 Pag.
329 1312 401 1356 9¹·
453 1313 505 1344 V.
546 1311 618 1357 29.
687 1315 720 1359 p
734 1316 768 1344 u
780 1299 812 1344 d
825 1315 892 1359 en
906 1312 924 1343 t
937 1316 961 1344 e
974 1317 1024 1344 m
1064 1325 1122 1336 —
1198 1301 1290 1346 Ms.
1332 1300 1460 1361 apud
1503 1301 1686 1361 Graev2

93 1399 208 1445 pru
222 1383 462 1428 dentem
476 1416 491 1435 ,
533 1384 666 1445 quod
693 1401 795 1429 non
825 1398 895 1430 est
923 1399 1103 1447 aptum.

179 1471 290 1530 Pag.
330 1465 405 1529 92.
461 1487 512 1516 v.
555 1483 599 1527 3.
674 1486 700 1513 c
714 1484 742 1512 o
758 1487 789 1514 n
806 1471 903 1515 tin
915 1489 949 1515 u
962 1489 987 1515 a
1000 1487 1025 1515 e
1064 1498 1122 1506 —
1192 1473 1271 1517 Sic
1312 1472 1537 1534 rescripsi
1587 1488 1676 1533 pro

93 1554 231 1616 vulg.
280 1571 304 1599 e
317 1571 350 1598 n
363 1573 398 1600 u
410 1572 443 1599 n
457 1568 477 1600 t
489 1555 509 1599 i
523 1573 591 1600 an
605 1555 636 1600 d
649 1572 674 1600 a
688 1572 712 1600 e
724 1588 738 1607 ‚
799 1557 930 1617 quod
969 1557 1018 1602 h.
1047 1557 1081 1603 l.
1126 1573 1316 1602 sensum
1361 1548 1678 1604 conunbdum

94 1656 195 1691 non
222 1639 379 1686 habet.
449 1642 612 1700 Quum
643 1642 938 1687 contentiose
958 1683 961 1686 Α
978 1659 1017 1688 ⁸.
1051 1643 1287 1688 concitate
1318 1642 1527 1688 dicimus
1539 1674 1554 1694 ,
1596 1642 1678 1689 vel

95 1707 420 1772 continua‘
463 1726 679 1772 oratione
731 1727 963 1778 dicimus,
1034 1728 1115 1773 vel
1177 1745 1227 1772 m
1243 1728 1372 1773 e‘mb
1388 1729 1576 1774 ratim
1632 1742 1679 1774 et

95 1829 122 1857 c
136 1830 160 1857 a
175 1829 198 1857 e
215 1793 326 1857 sim
344 1847 355 1858 .
417 1811 549 1856 Illud
578 1825 745 1858 auctor
776 1813 1184 1859 continuationem
1200 1848 1214 1865 ‚
1251 1814 1347 1859 hoc
1379 1801 1682 1859 distributio-

95 1915 206 1943 nem
237 1897 456 1960 appellat.
514 1900 682 1959 Itaque
711 1912 875 1959 postea
902 1900 956 1943 in
986 1900 1147 1945 eadem
1177 1917 1226 1944 re
1257 1916 1357 1962 cap.
1391 1908 1466 1958 14.
1516 1884 1679 1952 occur:

44 2018 50 2023 .
93 1984 162 2029 rit
200 1984 416 2030 verbis
460 1984 948 2030 continuandis.

185 2072 292 2130 Pag.
324 2084 395 2130 92.
426 2087 476 2115 v.
509 2078 554 2128 4.
605 2071 980 2116 concisione
1021 2089 1121 2117 ora
1140 2073 1340 2119 tionis
1383 2072 1677 2133 frequens

98 2181 156 2192 --
183 2155 329 2217 Vulg.
371 2156 438 2200 in
480 2157 895 2202 contentione
948 2158 1163 2203 oratio
1218 2157 1311 2202 fre
1330 2172 1557 2219 quens.
1616 2155 1678 2200 Il-

99 2242 186 2286 lud
213 2242 290 2288 vis
321 2242 644 2303 oppositionis
673 2220 891 2303 requirit.
961 2244 1149 2288 Eodem
1187 2244 1335 2288 modo
1379 2243 1479 2288 Cic.
1509 2242 1676 2287 Partit.

99 2342 138 2372 c.
169 2327 213 2372 6.
247 2327 458 2374 orationi
497 2328 772 2389 periodicae
823 2331 1027 2390 opponit
1067 2347 1091 2374 e
1109 2345 1135 2374 o
1152 2346 1182 2372 n
1196 2330 1250 2372 ci
1266 2346 1285 2373 s
1297 2330 1318 2372 i
1330 2346 1359 2373 ο
1375 2346 1406 2373 n
1421 2345 1444 2373 e
1458 2345 1508 2372 m
1549 2344 1583 2373 v
1599 2344 1623 2372 e
1636 2339 1692 2371 ri

98 2411 130 2456 b
145 2428 173 2457 ο
186 2428 212 2456 r
224 2429 258 2456 u
269 2429 318 2456 m
334 2426 345 2456 ;
1177 2396 1179 2398 ”

188 2500 300 2558 Pag.
342 2511 414 2557 92.
468 2514 517 2544 v.
560 2508 610 2559 4.
681 2500 927 2546 crebris
966 2525 1026 2537 -
1094 2500 1239 2561 Vulg.
1294 2517 1357 2545 ra
1373 2501 1457 2545 ris
1473 2532 1486 2551 ,
1543 2499 1674 2561 quod

98 2599 293 2644 prorsus
332 2584 552 2643 ineptum
585 2599 668 2631 est.
745 2589 870 2634 Nam
915 2604 1064 2646 quum
1096 2587 1385 2632 contentiose
1412 2603 1496 2647 per
1522 2587 1673 2631 incisa

103 2668 311 2714 dicimus
325 2702 339 2721 ,
377 2669 591 2730 *plurima
614 2685 731 2733 ,sunt
768 2672 1022 2718 intervalla
1034 2705 1048 2724 ‚
1091 2672 1170 2717 sed
1200 2672 1377 2717 brevia.
1408 2671 1498 2719 Cf..
1531 2689 1573 2718 c.
1599 2679 1674 2730 14.

104 2752 202 2798 fere
234 2754 322 2800 sub
355 2755 518 2801 finem.
