1924 3224
301 241 401 286 AD
444 225 941 307 HERENNIUM
999 240 1288 285 LIB.11.
1333 254 1412 285 10.
1457 257 1534 286 ιι.
1623 216 1736 309 45

128 398 399 452 trahemus
439 401 506 451 ad
543 412 754 450 nostrae
804 415 992 453 causae
1041 402 1395 451 commodum.
1488 401 1691 452 Deinde

130 487 195 538 de
234 486 522 537 iuridiciali
555 484 797 535 absoluta
836 502 1102 535 sumemus
1140 489 1403 537 rationem
1435 488 1598 545 iuris,
1640 497 1692 535 et
1744 519 1756 526 -

129 588 470 640 quaeremus,
534 581 715 619 utrum
765 586 885 618 cum
932 587 992 619 ea
1025 568 1217 630 faciat;
1276 572 1340 621 de
1390 590 1494 641 qua
1543 582 1691 639 parte

127 658 394 723 posterius
433 656 765 706 disseremus.

241 759 319 790 11.
380 742 437 791 Si
485 740 866 812 ambiguum
916 758 1028 791 esse
1089 742 1343 808 scriptum
1392 742 1686 810 putabitur,

131 826 278 894 quod
314 827 370 874 in
409 826 540 875 duas
581 837 674 875 aut
709 827 762 874 in
802 825 975 893 plures
1015 829 1301 886 sententias
1329 826 1468 875 trahi
1496 830 1687 894 possit,

128 908 232 960 hoc
267 911 428 960 modo
480 911 816 960 tractandum
855 922 948 960 est.
1034 905 1305 969 Primum:
1360 913 1493 961 sitne
1527 912 1690 962 ambi-

128 1012 322 1064 guum,
374 996 732 1064 quaerendum
782 1007 876 1046 est.
969 996 1203 1055 Deinde,
1257 998 1527 1064 quomodo
1568 1001 1690 1051 scri-

127 1090 280 1146 ptum
320 1091 480 1138 esset,
533 1082 579 1129 si
617 1081 704 1139 id,
754 1081 902 1149 quod
943 1081 1228 1131 adversarii
1261 1066 1688 1148 interpretentur,

128 1166 352 1231 scriptor
387 1162 508 1213 fieri
545 1164 834 1224 voluisset,
887 1166 1289 1215 ostendendum.
1379 1168 1582 1216 Deinde
1612 1170 1687 1227 id,

127 1249 275 1318 quod.
299 1267 396 1299 nos
423 1251 824 1318 interpretemur
846 1287 861 1309 ,
917 1262 967 1299 et
992 1248 1112 1299 fieri
1136 1267 1319 1317 posse,
1374 1263 1426 1300 et
1451 1250 1690 1312 honeste,

126 1347 300 1392 recte,
354 1334 498 1406 lege,
551 1353 726 1409 more,
756 1347 996 1394 natura,
1044 1334 1189 1385 bono
1249 1346 1300 1384 et
1349 1354 1517 1405 aequo
1569 1336 1692 1388 fieri

127 1437 316 1487 posse;
373 1421 517 1491 quod
544 1411 830 1471 adversarii
853 1423 1290 1488 intepretentur,
1342 1438 1368 1469 e
1394 1425 1690 1473 contrario:

128 1522 224 1554 nec
253 1522 364 1554 esse
389 1505 634 1577 ambigue
660 1507 941 1572 scriptum,
983 1522 1147 1574 quum
1174 1505 1531 1575 intelligatur,
1570 1519 1691 1556 utra

129 1592 389 1640 sententia
415 1608 537 1642 vera
562 1593 647 1640 sit.
740 1588 903 1647 Sunt,
945 1591 1040 1659 qui
1065 1575 1412 1649 arbitrentur,
1464 1592 1530 1641 ad
1554 1591 1690 1642 hanc

128 1691 344 1724 causam
381 1677 707 1728 tractandam
764 1674 1098 1725 vehementer
1127 1663 1392 1743 'pertinere
1432 1680 1691 1747 cognitio·

127 1777 249 1809 nem
279 1759 722 1828 amphib01iarum
747 1778 890 1818 eam,
942 1777 1077 1829 quae
1113 1764 1145 1808 a
1176 1761 1462 1810 dialecticis
1488 1760 1689 1829 profer-

82 1855 84 1858 “
126 1854 230 1895 tur.
315 1847 423 1896 Nos
471 1863 596 1897 vero
648 1845 993 1904 arbitramur,
1054 1863 1162 1896 non
1214 1847 1375 1896 modo
1415 1847 1561 1898 nullo
1601 1849 1688 1898 ad-

125 1931 363 1985 iumento
420 1949 566 1990 esse,
641 1933 733 1982 sed
780 1932 961 1999 potius
1013 1933 1240 1981 maximo
1288 1933 1686 1998 impedimento.

129 2016 324 2065 Omnes
354 2019 492 2066 enim
520 2018 598 2066 illi
625 2016 973 2084 amphibolias
1002 2029 1357 2083 aucupantur,
1395 2035 1484 2078 ‘eas
1509 2021 1685 2079 etiam,

128 2119 263 2170 quae
300 2119 361 2151 ex
399 2102 559 2151 altera
596 2113 743 2169 parte
782 2104 835 2151 in
875 2104 1186 2152 sententiam
1227 2102 1423 2150 nullam
1458 2116 1690 2170 possunt

128 2187 480 2253 interpretari.
567 2188 750 2256 Itaque
788 2199 842 2236 et
877 2187 1034 2236 alieni
1069 2189 1324 2237 sermonis
1366 2188 1573 2236 molesti
1611 2191 1686 2236 in-

126 2270 516 2337 terpellatores,
580 2284 633 2322 et
689 2275 873 2340 scripti
896 2284 1025 2321 <tum
1065 2272 1268 2330 odiosi,
1321 2283 1434 2320 tum
1472 2271 1688 2343 obscuri

127 2357 436 2423 interpretes
463 2367 614 2416 sunt3
665 2369 717 2407 et
742 2358 868 2407 dum
896 2369 1047 2406 caute
1073 2369 1126 2405 et
1157 2358 1391 2423 expedite
1415 2357 1567 2427 loqui
1598 2376 1688 2408 vo·

125 2430 273 2497 lunt,
313 2438 658 2491 infantissimi
693 2445 1040 2509 reperiuntur.
1134 2443 1213 2490 Ita
1265 2443 1392 2491 dum
1443 2454 1686 2493 metuunt

125 2527 184 2574 in
236 2519 489 2583 dicendo,
562 2544 627 2575 ne
675 2529 806 2596 quid
853 2527 1161 2598 ambiguum
1214 2527 1419 2584 dicant,
1494 2545 1688 2578 nomen

129 2628 281 2660 suum
341 2608 686 2678 pronuntiare
746 2631 854 2663 non
907 2624 1147 2680 possunt.
1216 2603 1436 2664 ·Verum
1491 2612 1685 2663 horum

127 2696 350 2763 pueriles
414 2698 689 2763 opiniones
756 2699 1064 2748 rectissimis
1095 2728 1098 2732 -
1129 2688 1455 2757 rationibus,
1520 2717 1686 2767 quum

128 2781 302 2838 voles,
340 2779 655 2832 refellemus.
738 2785 800 2834 In
835 2785 1100 2851 praesenti
1122 2795 1315 2834 autem
1342 2782 1445 2834 hoc
1470 2783 1685 2834 interdi-
