1924 3224
315 181 426 236 AD
471 189 958 235 HERENNIUM
1023 190 1182 235 ΜΒ.
1242 194 1292 237 1.
1362 205 1404 237 2
1456 207 1510 250 5.
1663 217 1695 265 9

128 335 528 410 verisimilium,
605 367 741 420 quae
804 368 1013 400 causam
1065 352 1395 420 probabilem
1454 357 1692 425 reddant.

127 437 537 503 Dispositio
576 448 656 485 est
697 436 828 487 ordo
870 449 920 485 et
958 437 1267 489 distributio
1305 452 1483 489 rerum
1505 478 1519 499 ‚
1562 459 1697 510 quae

129 522 488 578 demonstrat,
543 522 702 591 quid,
759 522 952 592 quibus
1002 524 1134 573 locis
1186 526 1256 573 sit
1310 502 1692 576 collocandum.

125 607 297 676 Eloq
314 608 512 655 uutio
564 618 643 655 est
693 608 1008 658 idoneorum
1060 604 1346 659 verborum
1397 623 1449 659 et
1492 624 1693 661 senten-

125 694 322 741 tiarum
357 692 424 742 ad
449 693 812 743 inventionem
854 695 1291 745 accommodatio.
1368 698 1696 746 Memoria

126 790 206 827 est
232 776 390 826 firma
424 778 588 826 animi
616 795 792 827 rerum
819 790 870 827 et
898 779 1180 829 verborum
1198 817 1212 839 ,
1247 792 1299 829 et
1325 782 1703 848 dispositionis·

122 865 412 933 perceptio.
504 865 1025 914 vPronuntiatio
1096 877 1176 914 est
1234 859 1412 926 vocis,
1491 869 1691 926 vultus,

124 961 300 1019 gestus
328 949 624 998 moderatio
654 966 775 997 cum
801 962 1091 1000 venustate.
1145 953 1284 999 Haec
1311 954 1490 1000 omnia
1517 951 1693 1001 tribus

125 1033 283 1082 rebus
328 1035 539 1102 assequi
576 1037 895 1100 poterimus,
961 1046 1101 1093 arte,
1163 1037 1492 1095 imitatione,
1556 1047 1694 1086 exer-

126 1120 396 1167 citatione.
444 1107 445 1110 *
481 1120 608 1168 Ars
661 1131 741 1168 est
789 1123 1089 1188 praeceptio
1108 1157 1122 1178 ‚
1171 1138 1306 1190 quae
1367 1122 1457 1170 dat
1496 1133 1693 1169 certam

123 1206 264 1255 viam
313 1205 680 1274 rationemque
731 1205 956 1256 dicendi.
1056 1208 1080 1255 I
1097 1207 1326 1255 mitati
1343 1224 1374 1256 o
1426 1218 1533 1264 est,
1588 1224 1693 1275 qua
1740 1216 1746 1222 ’

122 1287 444 1355 impellimur
494 1287 637 1338 cum'
667 1290 933 1361 deligendi
979 1293 1186 1341 ratione
1203 1327 1223 1351 ,
1280 1302 1339 1339 ut
1389 1290 1692 1360 aliquorum

123 1373 321 1422 similes
372 1376 427 1441 ’111
479 1375 701 1425 dicendo
757 1377 977 1426 velimus
1030 1361 1160 1425 esse.
1245 1379 1699 1432 Exercitatio,

125 1471 206 1508 est
233 1460 474 1509 assiduus
503 1477 628 1527 usus
656 1463 1094 1531 consuetudoque
1122 1462 1348 1511 dicendi.

231 1556 282 1603 5.
324 1545 590 1610 Quoniam
617 1548 783 1616 igitur
812 1548 1232 1596 demonstratum
1258 1558 1365 1604 est,
1408 1564 1539 1614 quas
1569 1564 1688 1595 cau-

123 1648 206 1680 sas
250 1642 515 1680 oratorem
550 1633 812 1698 r‘ecipele,
874 1648 1132 1701 quasque
1147 1648 1229 1680 res
1269 1630 1463 1681 habere
1505 1649 1688 1682 conve-

122 1717 305 1775 nitet,
338 1733 509 1774 nunc,
572 1717 1022 1795 quemadmodum
1066 1717 1134 1766 ad
1170 1718 1530 1766 inventionem
1572 1734 1689 1784 pos-

125 1804 231 1850 sint
259 1803 488 1852 oratoris
502 1796 686 1850 officia
715 1791 1120 1859 accommodari,
1147 1802 1429 1851 dicendum
1457 1803 1685 1852 videtur.

122 1870 364 1936 Iuveiltio
415 1887 472 1934 111
522 1903 610 1935 sex
656 1900 832 1953 paltes
892 1886 1155 1941 orationis
1206 1890 1538 1936 consumitul
1554 1922 1568 1946 ,
1633 1890 1689 1936 111

124 1972 428 2029 exordium,
481 1974 870 2031 narrationem,
924 1974 1269 2030 divisionem,
1322 1971 1686 2023 confirmatio-

121 2073 242 2104 nem
259 2091 272 2115 ,
315 2054 735 2107 confutationem
751 2093 765 2116 ,
806 2058 1214 2108 conclusionem.
1310 2061 1353 2108 E
1367 2079 1398 2108 x
1417 2076 1490 2121 oxr
1505 2059 1539 2107 d
1555 2060 1574 2106 i
1589 2076 1689 2106 um

126 2153 231 2199 est,
293 2160 386 2210 per
449 2142 597 2211 quod
623 2177 626 2180 -
660 2144 865 2192 animus
919 2144 1175 2193 auditoris
1228 2138 1571 2192 c'onstituitur
1621 2143 1690 2191 ad

125 2227 462 2277 audiendum.
550 2228 878 2278 Narratio
917 2241 995 2277 est
1032 2246 1206 2278 rerum
1245 2241 1537 2299 gestarum,
1598 2237 1688 2276 aut

122 2312 341 2378 perinde
389 2324 450 2360 ut
499 2325 791 2383 gestarum,
858 2315 1133 2380 expositio.
1244 2315 1526 2382 Divisio
1590 2324 1684 2369 est,

121 2413 216 2463 per
254 2415 413 2466 quam
453 2400 743 2463 aperimus,
796 2399 926 2468 quid
956 2400 1264 2455 conveniat,
1318 2398 1452 2467 quid
1483 2400 1538 2447 in
1566 2415 1684 2447 con-

123 2471 379 2530 troversia
417 2483 516 2541 sit;
566 2494 620 2531 et
657 2500 750 2549 per
787 2502 949 2552 quam
988 2485 1329 2549 exponimus,
1396 2483 1589 2552 quibus
1623 2483 1699 2532 de³

123 2564 279 2615 rebus
320 2568 483 2615 simus
524 2567 735 2616 dicturi.
846 2569 980 2617 Con
994 2566 1319 2618 firmatio
1360 2579 1437 2616 est
1479 2578 1688 2617 nostro-

122 2667 240 2698 rum
305 2663 754 2702 arcumentorum-
785 2655 1047 2719 expositio
1113 2670 1231 2701 eum
1282 2649 1698 2702 asseveratione.>

366 2692 395 2721 t>

124 2735 167 2783 C
180 2744 212 2784 o
227 2745 264 2784 n·
275 2733 302 2783 f
312 2753 347 2783 11
361 2747 382 2785 t
398 2754 427 2784 a
442 2749 465 2786 t
478 2738 497 2785 i
512 2754 543 2787 o
583 2749 663 2795 est
704 2740 1094 2789 contrariorum
1120 2737 1360 2787 locorum
1387 2736 1683 2787 dissolutio.
