1878 3198
232 226 902 294 nneromcoRUM
959 248 1212 295 LIB.'1.
1253 261 1333 304 23.
1379 258 1459 306 24.
1577 268 1679 330 2¹9

107 403 260 479 pars,
335 421 399 459 ut
449 411 686 477 exposita
739 421 818 459 est
866 411 922 458 in
971 411 1290 476 partitione,
1365 411 1443 460 sic
1495 411 1679 461 ordine

108 497 464 566 transigatur;
505 507 557 545 et
599 495 846 545 omnihus
894 494 1193 562 explicatis,
1243 505 1550 562 peroratum
1589 497 1677 553 sit,

108 591 171 630 ut
196 598 261 630 ne
297 581 431 649 quid
455 582 718 649 posterius
748 592 955 648 praeter
982 579 1371 629 conclusionem
1397 578 1675 629 inferatur.

85 655 221 714 'Hoc
276 666 438 715 modo
487 654 720 732 partitur
769 666 909 732 apud
983 667 1286 714 Terentium
1338 664 1568 716 breviter
1628 677 1681 714 et

108 751 395 801 commode*
421 738 575 800 senex
613 752 670 799 in
703 750 907 802 Andria
924 774 955 809 ‚>
986 766 1123 819 quae
1171 766 1487 821 cognoscere
1522 749 1679 799 liber-

106 846 224 885 tum
262 836 418 887 velit:

219 963 294 1006 Eo
324 974 490 1022 pacto,
534 974 580 1006 et
608 962 739 1022 gnati
769 962 947 1012 vitam,
992 974 1038 1006 et
1068 961 1329 1006 eonsilium
1359 977 1522 1006 meum

220 1048 519 1108 Cognosces,
553 1060 598 1091 et
628 1047 746 1106 quid
777 1047 927 1091 facere
959 1046 1013 1090 in
1042 1047 1129 1092 hac
1158 1063 1208 1090 re
1239 1043 1284 1091 t'e
1314 1047 1478 1091 velim.

103 1164 292 1233 Itaque
328 1164 777 1233 quemadmodum
813 1166 869 1213 in
905 1164 1193 1230 partitione
1233 1165 1545 1232 proposuit,
1599 1165 1674 1213 ita

104 1260 315 1307 narrat,
355 1252 586 1316 primum
627 1251 786 1319 gnatis
816 1250 1006 1299 vitamt

212 1375 338 1421 Nam
367 1374 410 1419 is
438 1387 690 1434 postquam
721 1374 923 1419 excessit
953 1390 1013 1418 ex
1043 1372 1265 1434 ephebis,
1308 1373 1444 1418 Sosia
1473 1390 1558 1425 ——;

104 1490 293 1541 deinde
333 1508 486 1542 suum
525 1491 839 1542 consilium:

215 1619 280 1660 Et
308 1632 437 1661 nunc
466 1617 517 1660 id
548 1633 744 1677 operam
768 1617 852 1671 Ndo.

100 1733 305 1783 Deinde
340 1735 473 1803 quid
511 1735 718 1784 Sosiam
760 1733 888 1785 velit
923 1729 1123 1789 facere,
1187 1733 1245 1783 id
1288 1732 1435 1801 quod
1471 1744 1672 1800 postre-

100 1837 246 1867 mum
283 1821 468 1886 posuit
503 1822 559 1868 in
592 1818 908 1888 partitione,
947 1832 1276 1887 post-remum
1318 1819 1477 1868 dicit:

212 1945 356 1989 Nunc
386 1957 524 1989 tuum
553 1957 624 1990 est
653 1944 890 1990 officium.

102 2061 563 2127 Quemadmodum
607 2062 770 2133 igitur
807 2060 896 2111 hic
932 2073 985 2111 et
1023 2062 1090 2111 ad
1139 2063 1365 2129 primam
1403 2079 1669 2131 quamque

98 2157 302 2212 partem
347 2148 578 2215 primum
630 2147 876 2204 accessit,
965 2157 1016 2195 et
1066 2146 1313 2196 omnibus
1375 2147 1667 2205 absolutis,

99 2227 264 2278 finem
301 2231 511 2281 dicendi
530 2228 704 2290 fecit,
744 2233 820 2280 sic
858 2230 1015 2280 nobis
1054 2231 1251 2298 placet,
1293 2244 1345 2281 et
1386 2225 1453 2281 acl
1491 2233 1666 2301 singu-

96 2313 174 2363 las
213 2327 386 2381 partes
422 2316 694 2373 accedere,
737 2327 786 2365 et
824 2315 1073 2367 omnibus
1115 2316 1374 2365 absolutis
1400 2332 1665 2384 perorare.

96 2401 250 2449 Nunc
287 2400 352 2449 de
394 2398 798 2450 confirmatione
839 2402 1115 2469 deinceps,
1166 2403 1243 2450 ita
1282 2412 1340 2449 ut
1376 2401 1508 2451 ordo
1551 2403 1666 2468 ipse-

21 2539 24 2543 ,
96 2483 360 2552 postulat,
403 2486 832 2552 praecipiendum
875 2486 1100 2538 videtur.

205 2635 288 2689 24.
355 2628 397 2676 C
413 2644 443 2676 o
461 2646 494 2675 n
510 2624 668 2675 firm
685 2630 826 2677 atio
867 2640 973 2686 est,
1039 2644 1132 2695 per
1180 2645 1342 2695 quam
1373 2635 1663 2698 'argumen-

94 2711 259 2760 tando
307 2723 517 2761 nostrae
557 2729 744 2761 causae
781 2711 977 2770 fidem,
1048 2723 1100 2760 et
1145 2714 1549 2770 auctoritatem,
1614 2724 1668 2761 et

95 2790 488 2845 firmamentum
528 2797 771 2868 adiungit
807 2798 996 2848 oratio.
1095 2797 1265 2846 Huius
1307 2798 1494 2863 partis⁴
1523 2808 1665 2846 certa
