1878 3198
231 217 332 262 AD
381 215 879 263 HERENNIUM
935 215 1105 260 LIB..
1145 215 1244 265 IV.
1285 224 1369 269 52.
1409 225 1491 269 53.
1583 228 1675 277 15¹

117 378 234 430 nisi
270 376 499 428 ornandi
543 377 684 426 ratio
737 376 996 445 quaedam
1045 387 1182 425 esset
1216 373 1434 433 habita,
1500 374 1679 442 Scipio

113 464 295 537 potuit
330 473 383 512 et
419 460 682 532 Carthago
720 460 1029 528 simpliciter
1065 461 1332 529 aPPellari.

221 548 718 618 Transgressio
755 558 863 604 est,
916 564 1053 617 quae
1089 545 1371 597 veiborum
1405 545 1680 614 peltuxbat

114 633 354 683 ordinem
390 634 754 700 perversione,
806 645 898 687 aut
932 633 1325 682 transiectione.
1400 634 1677 682 Perver-

113 720 310 768 sione
357 719 460 767 sic:
523 719 690 777 „Hoc
725 717 879 768 vobis
918 718 1047 768 deos
1082 717 1409 768 immortales
1448 715 1688 766 arbitror

112 804 319 854 dedisse
343 803 542 871 pietate
565 820 662 870 pro
690 810 923 854 vestra-‘⁶
996 803 1533 853 Transiectione
1574 799 1679 852 hoc

113 889 303 940 modo:
367 887 691 946 „Instabilis
718 889 787 956 in
823 889 984 937 istum
1021 887 1308 955 plurimum
1345 885 1565 938 fortuna
1592 905 1680 937 va-

110 974 230 1026 luit.
246 981 284 1006 ‘⁶
355 976 516 1024 Item:
581 973 832 1042 „Omnes
872 973 1134 1025 invidiose
1178 973 1371 1039 eripuit
1406 971 1509 1022 tibi
1542 970 1679 1022 bene

113 1060 325 1111 vivendi
367 1077 515 1109 casus
554 1056 845 1108 facultates.
863 1065 900 1098 ‘-‘
985 1059 1304 1108 Huiusmodi
1351 1059 1676 1116 transiectio,

113 1162 248 1215 quae
293 1163 404 1194 rem
452 1162 560 1194 non
597 1144 774 1194 reddit
810 1141 1120 1202 obscur-am,
1174 1143 1402 1192 multum
1437 1143 1678 1211 proderit

113 1231 181 1280 ad
218 1231 676 1288 continuationes,
727 1228 792 1279 de
830 1227 1025 1299 quibus
1064 1239 1183 1277 ante
1223 1228 1426 1279 dictum
1463 1240 1567 1288 est=3
1619 1230 1675 1276 in

111 1314 307 1385 quihus
361 1322 575 1383 oportet
619 1313 780 1366 verba
836 1315 945 1363 sint
995 1314 1064 1363 ad
1109 1316 1377 1381 poeticum
1414 1315 1676 1384 quendam

110 1411 373 1450 exstructa
421 1417 732 1458 numerum,
793 1410 855 1448 ut
909 1395 1137 1467 perfecte
1176 1410 1227 1449 et
1263 1399 1675 1468 perpolitissime

107 1488 318 1555 possint
353 1501 464 1535 esse
503 1483 793 1535 absolutae.
1164 1494 1166 1496 ’

216 1582 302 1629 33.
346 1570 746 1638 Superlatio
786 1581 864 1620 est
902 1572 1074 1620 oratio
1112 1586 1363 1640 superans
1396 1571 1672 1621 veritatem

111 1655 368 1726 augendi,
405 1656 744 1706 minuendive
782 1672 954 1705 causa.
1029 1658 1168 1705 Haec
1204 1657 1432 1705 sumitur
1467 1673 1676 1723 separa·-

108 1742 236 1798 tim,
306 1752 400 1791 aut
448 1742 567 1790 cum
609 1742 1015 1808 comparatione.
1119 1742 1510 1808 Separat-,im
1562 1742 1668 1790 sic:

110 1826 324 1891 „Quod
355 1827 401 1876 si
436 1811 773 1876 concordiam
807 1825 1175 1886 retinebimu53
1227 1826 1435 1893 imperii
1469 1826 1669 1896 magni-

108 1911 348 1961 tudinem
384 1912 510 1962 solis
537 1922 657 1960 ortu
691 1923 849 1980 atque
886 1929 1075 1962 occasu
1101 1913 1437 1960 metiemur.“
1511 1911 1668 1959 Cum

109 1999 661 2063 comparatione,
714 2009 804 2046 aut
844 2015 873 2045 a
911 1997 1287 2055 similitudine,
1315 2008 1424 2045 aaut
1457 2014 1486 2044 a
1520 2013 1667 2062 prae-

108 2083 318 2130 stantia.
390 2084 439 2131 A
477 2081 948 2131 similitudine
984 2084 1089 2131 sic:
1139 2083 1427 2149 „Corpore
1452 2083 1667 2132 niveum

110 2165 418 2223 candorem,
460 2178 674 2233 aspectu
708 2169 922 2237 igneum
959 2167 1200 2217 ardorem
1227 2165 1666 2235 assequebatur.“

106 2252 154 2299 A
202 2254 659 2318 praestantia
693 2251 795 2302 hoc
843 2252 1032 2302 modo:
1086 2254 1299 2310 „Cuius
1351 2269 1441 2301 ore
1491 2267 1664 2301 sermo

107 2335 260 2384 melle
297 2336 506 2386 dulcior
534 2337 902 2404 profluebat.“
988 2340 1066 2388 Ex
1117 2337 1301 2386 eodem
1340 2353 1524 2407 genere
1560 2335 1666 2387 hoc

108 2432 218 2470 est.
293 2423 549 2479 „Tantus
598 2435 712 2473 erat
759 2425 816 2472 in
864 2425 1024 2472 armis
1075 2422 1353 2489 splendor,
1427 2433 1490 2471 ut
1536 2421 1663 2471 solis

106 2502 284 2575 fulgor
321 2504 598 2556 obscurior
631 2509 915 2560 videretur.
934 2515 970 2538 ‘⁶

211 2590 621 2642 Intellectio
654 2605 749 2652 est,
791 2613 957 2663 quum
982 2611 1063 2642 res
1090 2605 1210 2644 tota
1237 2611 1400 2661 parva
1425 2593 1490 2643 de
1514 2567 1661 2660 parte

107 2678 478 2746 cognoscitur,
530 2688 625 2726 aut
662 2679 727 2728 de
765 2691 880 2730 toto
918 2696 1071 2745 pars,
1113 2690 1207 2728 aut
1243 2679 1308 2728 ab
1347 2695 1455 2728 uno
1489 2677 1659 2745 plura,

105 2770 198 2808 aut
232 2778 263 2809 a
296 2759 540 2827 pluribus
578 2781 760 2819 unum.
849 2767 940 2813 De
976 2775 1178 2830 parte
1213 2775 1431 2815 totum
1469 2765 1547 2812 sic
1584 2764 1659 2810 in-
