1878 3198
267 244 942 292 RHETORICORJUM
997 245 1157 290 LIB.
1200 247 1249 288 Ι.
1294 258 1348 303 9.
1396 261 1473 290 10.
1590 262 1690 317 197

172 446 210 473 η,
231 426 284 475 9.
332 408 410 457 Ac
437 404 565 456 facti
593 407 808 475 quidem
847 408 1210 459 controversia
1245 407 1301 456 in
1340 407 1518 456 omnia
1561 418 1688 476 tem·

124 510 257 563 pom
306 504 480 560 potest
531 491 798 542 distribui.
874 493 1041 557 ⁴Nam
1093 493 1284 562 ecquid
1334 489 1531 542 factum
1591 493 1689 551 sit,

122 590 302 647 potest
352 580 564 647 quaeri,
631 576 734 634 hoc
785 577 978 627 modo:
1044 577 1432 635 „Occideritne
1474 579 1690 646 Aiacem

122 665 423 735 Ulysses;“
470 663 664 731 ecquid
702 661 829 720 fiat,
882 661 985 712 hoc
1018 663 1210 714 modo:
1267 665 1538 722 „Bonone
1583 663 1691 711 ani-

123 768 212 808 mo
253 753 360 799 sint
400 765 521 818 erga
560 748 818 816 populum
856 751 1154 798 Romanum
1189 748 1562 820 Fregellani;“
1615 764 1692 797 eo·

125 835 258 904 quid
309 831 554 882 futurum
600 835 699 895 sit,
770 831 874 882 hoc
911 834 1099 884 modo:
1173 835 1282 892 „Si
1324 833 1695 903 Carthaginem

123 919 496 1002 reliquerimus
535 918 884 976 incolumem,
925 937 1052 968 num
1091 920 1224 988 quid
1263 920 1335 969 sit
1368 916 1696 969 incommodi

125 1005 194 1055 ad
229 1003 608 1071 rempublicam
646 1015 1038 1070 perventurum.
1058 1012 1093 1035 ‘⁶

232 1091 279 1141 N
295 1107 325 1139 o
342 1090 550 1137 minis
576 1099 655 1136 est
680 1091 1036 1139 controversia
1052 1126 1066 1148 ,
1119 1108 1284 1158 quum
1313 1089 1379 1138 de
1404 1086 1546 1138 facto
1577 1103 1697 1135 con-

126 1177 300 1234 venit,
354 1186 408 1223 et
435 1174 738 1242 quaeritur,
793 1173 848 1222 id
878 1175 1023 1243 quod
1053 1171 1254 1223 factum
1295 1185 1403 1231 est,
1456 1189 1564 1241 quo
1605 1188 1697 1222 no·

127 1263 270 1311 mine
309 1258 617 1326 appelletur.
736 1258 856 1319 Quo
893 1261 949 1308 in
991 1276 1178 1330 genere
1218 1276 1428 1308 necesse
1467 1269 1548 1306 est
1587 1271 1701 1305 esse

128 1347 572 1407 controversiam,
623 1361 728 1392 non
755 1345 902 1413 quod
928 1345 993 1394 de
1019 1342 1161 1395 facto
1193 1362 1300 1394 non
1327 1354 1582 1400 constet,
1605 1340 1700 1391 sed

127 1431 275 1500 quod
312 1430 400 1492 id,
437 1429 584 1498 quod
620 1427 821 1484 factum
862 1432 963 1490 sit,
1004 1430 1151 1481 aliud
1178 1430 1270 1480 alii
1295 1430 1539 1480 videatur
1565 1443 1697 1484 esse,

126 1528 181 1566 et
231 1515 430 1564 idcirco
485 1513 617 1563 alius
670 1514 774 1564 alio
828 1517 1042 1575 nomine
1092 1517 1148 1566 id
1198 1515 1436 1582 appellet.
1523 1514 1700 1578 Quare

124 1604 181 1651 in
219 1600 527 1650 huiusmodi
569 1598 848 1668 generibus
891 1598 1194 1651 definienda
1242 1618 1324 1649 res
1364 1601 1463 1648 erit
1500 1596 1697 1655 verbis,

127 1699 184 1736 et
216 1685 446 1737 breviter
499 1682 874 1744 describenda3
941 1696 1033 1743 ut,
1096 1690 1190 1745 „si
1230 1688 1352 1754 quis
1394 1701 1602 1733 sacrum
1638 1699 1701 1731 ex

126 1774 338 1840 privato
378 1771 724 1837 surripuerit,
791 1781 969 1820 utrum
1011 1767 1128 1829 fur,
1205 1788 1271 1819 an
1311 1769 1592 1838 sacrilegus
1631 1768 1701 1816 sit

131 1858 506 1914 iudicandus.“
579 1857 714 1906 Nam
742 1856 798 1907 id
827 1874 992 1924 quum
1020 1857 1321 1923 quaeritur,
1362 1872 1571 1908 necesse
1601 1854 1701 1902 erit

130 1941 356 1992 definire
395 1954 711 2010 utrumque,
766 1941 897 2010 quid
939 1942 1010 1990 sit
1047 1938 1165 2000 fur,
1225 1941 1356 2009 quid
1398 1940 1698 2009 sacrilegus,

130 2040 186 2078 et
231 2045 325 2078 sua
380 2028 736 2093 descriptione
781 2026 1085 2084 ostendere,
1150 2026 1255 2076 alio
1299 2028 1512 2076 nomine
1557 2025 1701 2072 illam

129 2130 270 2171 rem,
310 2114 378 2163 de
414 2131 518 2182 qua
557 2114 768 2182 agitur,
807 2111 1061 2179 appellari
1106 2123 1380 2178 oportere,
1421 2122 1577 2178 atque
1613 2109 1699 2158 ad·

132 2194 352 2248 versarii
391 2199 583 2247 dicant.

248 2300 326 2331 10.
408 2283 697 2335 Generis,
737 2294 816 2332 est
864 2281 1254 2338 controversia,
1306 2297 1470 2349 quum
1509 2277 1702 2346 ecquid
1722 2330 1734 2343 ⁴

132 2365 333 2416 factum
382 2369 482 2426 sit,
537 2370 811 2428 convenit,
863 2380 917 2417 et
968 2383 1075 2436 quo
1127 2366 1183 2415 id
1234 2362 1434 2415 factum
1464 2359 1699 2413 ¹nomine

134 2453 384 2521 appellari
437 2464 709 2520 oporteat,
739 2464 998 2512 ,constat3
1057 2462 1110 2500 et
1158 2462 1362 2508 tamen,
1417 2464 1696 2518 quantum,

134 2551 186 2588 et
214 2538 544 2595 cuiusmodi,
585 2550 636 2587 et
669 2541 886 2595 omnino
925 2536 1079 2607 quale
1117 2538 1215 2594 sit,
1255 2537 1553 2605 quaeritur,
1593 2531 1698 2583 hoe

135 2625 327 2681 modo:
367 2627 652 2683 „Iustum,
693 2641 759 2672 an
796 2626 1084 2681 iniustum3
1124 2621 1281 2680 utile,
1322 2638 1386 2677 an
1421 2616 1696 2677 inutile';“

135 2720 187 2758 et
226 2711 475 2769 omnino,
516 2710 571 2757 in
613 2707 1032 2778 quibus„quale
1069 2708 1139 2764 sit
1174 2707 1258 2764 id,
1310 2705 1456 2776 quod.
1492 2702 1695 2754 factum

138 2795 589 2863 est,;quaeritur‚
629 2795 741 2849 sine
765 2782 874 2852 ullu
907 2794 1139 2844 nominis
1176 2790 1551 2850 controversia.

1849 607 1863 628 Χ
