1878 3198
869 35 901 74 ’ᾖ

1250 159 1251 162 ,
1303 127 1361 166 ’,
1520 109 1590 156 μ.

1216 160 1281 207 w
1534 153 1551 187 Ψ
1640 165 1686 203 e

239 230 897 283 RHETORICORUM
951 230 1112 274 ΜΒ.
1157 231 1204 274 1.
1246 218 1449 284 26.‘27.
1496 243 1675 324 2522&

117 396 314 468 quibus
351 393 562 447 facilius
597 390 694 452 fit,
733 402 824 442 aut
861 391 973 440 sine
1009 386 1203 460 quibus
1241 387 1445 464 aliquid
1475 387 1672 443 confici

115 501 224 534 non
262 470 453 550 potest.
1320 522 1328 528 f
1418 528 1423 531 .

226 579 310 626 27.
359 568 786 617 Adiunctum
825 574 1000 613 autem
1037 561 1325 631 negotio
1372 560 1430 610 id
1481 560 1672 611 intelli·

116 655 288 725 gitur,
328 653 474 722 quod
511 651 710 709 maius,
749 662 802 700 et
838 648 982 717 quod
1009 649 1212 701 minus,
1253 657 1306 695 et
1335 646 1481 714 quod
1506 663 1674 716 aeque

116 754 394 809 magnum,
453 750 505 788 et
547 737 694 806 quod
735 734 904 784 simile
941 733 1038 782 erit
1078 733 1126 780 ei
1165 726 1409 801 negotio,
1469 749 1576 801 quo
1606 733 1673 782 de

116 825 325 893 agitur,
379 834 432 872 et
472 823 618 892 quod
653 820 1004 878 contrarium,
1057 827 1108 865 et
1143 815 1292 885 quod
1326 816 1672 884 disparatum,

117 920 168 958 et
197 926 392 979 genus,
432 919 482 957 et
515 925 663 975 pars,
706 918 758 955 et
784 915 1015 956 eventus.
1066 903 1286 951 Maius
1324 914 1377 952 et
1418 904 1671 963 minus,

115 1005 168 1044 et
204 1011 416 1062 aeque
455 1010 790 1062 magnum,
832 1007 892 1038 ex
925 1005 1101 1038 rerum
1140 998 1192 1036 et
1227 1003 1570 1054 personarum
1597 989 1670 1055 vi,

116 1090 167 1127 et
205 1095 455 1135 numero,
511 1089 563 1126 et
603 1093 663 1125 ex
705 1073 879 1145 figura
916 1074 1146 1144 negotii,
1197 1073 1335 1121 sicut
1374 1089 1436 1121 ex
1470 1084 1674 1122 statura

108 1165 381 1231 ÷corporis,
433 1162 812 1219 consideratur.
913 1156 1148 1208 Simile
1188 1168 1363 1206 autem
1402 1174 1462 1206 ex
1502 1159 1675 1225 specie

117 1240 497 1315 comparabili‚·
552 1258 643 1295 aut
680 1263 740 1294 ex
779 1241 1095 1295 conferenda
1134 1252 1293 1309 atque
1337 1241 1676 1292 assimilanda

115 1345 303 1383 natura
333 1333 614 1383 iudicatur.
701 1330 1143 1380 Contrarium
1179 1337 1287 1383 est,
1353 1326 1675 1395 quodposi-

116 1428 230 1468 tum
271 1421 328 1467 in
364 1435 551 1488 genere
589 1417 826 1472 diverso,
868 1413 933 1463 ab
960 1429 1053 1470 eo,
1095 1413 1180 1460 cui
1213 1413 1538 1460 contrarium
1563 1427 1676 1461 esse

117 1503 337 1562 dicitur,
393 1503 682 1570 plurimum
720 1502 912 1558 distat,
977 1510 1036 1546 ut
1071 1494 1238 1566 frigus
1279 1496 1474 1554 calori,
1535 1497 1677 1546 vitae

115 1604 277 1637 morS.
351 1589 791 1654 Disparatum
828 1595 1003 1633 autem
1043 1593 1119 1630 est
1157 1582 1243 1638 id,
1297 1581 1443 1649 quod
1481 1580 1545 1630 ab
1587 1580 1676 1629 ali-

117 1658 314 1741 qua're
338 1689 430 1738 per
463 1671 852 1738 oppositionem
890 1668 1186 1739 negationis
1223 1677 1521 1732 separatur,
1574 1664 1679 1715 hoc

117 1757 306 1806 modo:
348 1773 544 1823 sapere,
584 1773 691 1805 non
719 1771 914 1821 sapere.
992 1754 1214 1803 Genus
1251 1764 1348 1808 est,
1390 1752 1533 1820 quod
1560 1769 1678 1818 par-

118 1852 197 1890 tes
237 1839 437 1910 aliquas
476 1831 840 1906 amplectitur,
901 1849 962 1887 ut
1003 1837 1279 1904 cupiditas.
1378 1839 1537 1885 Pars
1577 1847 1675 1895 est,

119 1943 254 1995 quae
292 1925 470 1975 subest
506 1927 712 1995 generi,
748 1936 810 1974 ut
846 1941 1024 1983 amor,
1065 1924 1300 1973 avaritia.
1373 1925 1677 1972 Eventus

121 2022 199 2059 est
248 2009 469 2060 alicuius
518 2013 685 2059 exitus
731 2010 965 2079 negotii,
1026 2011 1083 2057 in
1134 2025 1241 2077 quo
1296 2008 1480 2076 quaeri
1524 2007 1676 2065 solet,

122 2095 254 2163 quid
293 2113 353 2144 ex
395 2112 602 2163 quaque
642 2111 699 2143 re
741 2096 1002 2152 evenerit,
1067 2095 1299 2150 eveniat,
1366 2102 1679 2143 eventurum

122 2183 206 2229 sit.
300 2180 475 2246 Quare
516 2179 617 2230 hoc
656 2181 710 2228 in
751 2196 966 2249 genere,
1018 2189 1077 2227 ut
1118 2177 1480 2232 commodius,
1546 2173 1680 2243 quid

123 2276 432 2315 eventurum
460 2267 556 2321 sit,
598 2276 717 2313 ante
744 2267 919 2313 animo
950 2263 1130 2333 colligi
1156 2262 1353 2328 possit,
1395 2260 1526 2329 quid
1553 2277 1679 2329 qua-

125 2368 229 2419 q-se
269 2366 330 2398 ex
364 2367 421 2398 re
458 2349 625 2399 soleat
661 2352 897 2407 evenire,
948 2346 1387 2397 considerandum
1429 2355 1537 2403 est,
1576 2343 1682 2394 hoc

124 2435 315 2505 modo:
395 2436 472 2484 Ex
521 2434 804 2484 insolentia
863 2433 1192 2503 arrogantia3
1266 2447 1326 2478 ex
1380 2417 1682 2499 arrogantia

125 2520 327 2570 odium.

235 2605 435 2669 Quarta
472 2614 646 2652 autem
680 2621 801 2670 pars
837 2615 917 2653 est
958 2619 1018 2651 ex
1056 2603 1151 2658 iis,
1192 2618 1326 2669 quae
1350 2599 1576 2670 negotiis
1604 2599 1680 2648 di-

129 2689 387 2738 cebamus
412 2706 523 2738 esse
562 2689 846 2746 attributa,
901 2687 1397 2754 consequutio.
1485 2686 1545 2733 In
1582 2682 1684 2732 hac

127 2790 218 2828 eae
253 2791 335 2823 res
374 2786 727 2843 quaeruntur,
765 2790 899 2843 quae
945 2783 1152 2843 gestum
1191 2772 1465 2841 negotium
1503 2783 1681 2820 conse·
1736 2814 1739 2819 ff

202 2867 284 2906 Cic.
309 2867 488 2906 Rhetor.
530 2866 620 2906 Vol.
642 2870 685 2907 J.
1546 2863 1610 2910 15
