1878 3198
1616 55 1624 79 l

162 206 608 256 RHETomc.
649 205 751 249 DE
793 199 1115 252 1NVENT.
1170 203 1470 261 11-54-57-
1544 207 1646 272 269

83 384 211 416 tate
261 367 588 413 retinetur
640 390 696 400 —
776 360 939 421 Vulgo
987 359 1246 405 edebatur:
1304 377 1413 420 per
1470 376 1651 420 quam

82 455 272 500 animi
325 466 561 498 temere
614 450 682 495 in
737 449 954 494 odium
1007 447 1287 491 alicuius
1343 446 1655 492 invectio-

81 541 180 585 nis
228 537 548 585 concitati
590 532 1318 598 comitate—retinentur.
1370 530 1594 576 Lambin.
1628 545 1653 576 e

83 627 382 670 coniectura:
450 635 683 665 temere
744 619 809 662 in
849 642 852 644 ·
893 617 1090 660 alium
1157 616 1440 662 alicuius
1500 617 1654 661 infe·

81 711 304 756 rioris.
390 709 496 754 Nos
541 704 755 749 Ernestii
801 702 1184 747 emendationem
1229 703 1422 762 sequuti
1471 720 1657 758 sumus,

82 796 164 842 cui
194 797 305 839 Mss.
344 793 532 854 favent,
563 791 617 834 in
647 788 824 851 quibus
857 802 927 832 est
967 788 1278 832 invectio.

168 883 278 940 Pag.
300 887 400 935 554.
429 895 478 924 v.
508 889 549 933 5.
593 891 794 920 caram
820 899 879 910 --·
928 875 1057 937 Bene
1090 873 1300 918 restituit
1333 875 1448 917 Em.
1483 890 1508 918 e
1539 875 1655 919 Mss.

82 983 172 1030 pro
215 965 350 1023 vulg.
392 980 417 1008 c
432 963 487 1007 la
500 979 560 1007 ra
573 978 637 1007 m.

711 1106 750 1150 C
766 1122 788 1148 a
800 1121 832 1165 p
848 1138 858 1149 .
913 1105 957 1149 L
970 1104 1029 1152 V.

167 1211 278 1270 Pag.
304 1217 403 1265 554.
436 1224 485 1253 v.
513 1220 584 1266 29.
624 1206 857 1250 ducunt
884 1231 943 1238 ——
982 1204 1050 1248 ad
1094 1219 1168 1253 se,
1216 1203 1369 1263 vulgo
1396 1184 1653 1258 'adiectunb

83 1294 496 1355 delevitErnesti
529 1294 644 1337 Mes.
676 1294 818 1340 Cass„
849 1290 1006 1335 Guelf.
1030 1304 1073 1335 2.
1115 1290 1321 1335 aliorum
1358 1281 1653 1335 anctoritate.

167 1382 276 1439 Pag.
316 1389 416 1432 555.
438 1367 508 1422 ᾖ.
550 1389 618 1420 12.
682 1377 814 1419 exis
832 1375 942 1418 tim
959 1390 1028 1417 en
1044 1388 1063 1417 t
1116 1399 1175 1408 -—-
1269 1359 1656 1421 Coniunctivuin

82 1467 211 1509 i‘ecte
239 1463 456 1524 reposuit
484 1460 692 1504 Ernesti.
750 1459 898 1519 Vulg.
937 1459 1071 1503 exis
1085 1459 1196 1502 tim
1212 1477 1278 1502 an
1294 1474 1312 1503 t
1326 1493 1336 1503 .

167 1550 277 1608 Pag.
305 1557 404 1603 555.
436 1563 482 1591 v.
506 1559 576 1590 21.
602 1559 672 1590 22.
718 1546 950 1606 partim
1004 1545 1073 1589 ab
1098 1544 1388 1592 >illorum
1436 1571 1494 1581 -
1551 1548 1655 1593 scil.

85 1634 173 1696 qui
203 1632 345 1694 nobis
381 1631 527 1675 amici
557 1645 680 1676 sunt.
741 1634 811 1675 Ita
843 1631 975 1674 enim
1004 1643 1130 1675 recte
1161 1629 1421 1691 explicavit
1447 1633 1655 1685 Ernesti,

84 1736 173 1764 nee
205 1735 327 1781 opus
359 1731 428 1763 est
455 1717 633 1761 mutari
671 1718 735 1760 in
782 1716 1086 1762 aliorum.

680 1859 815 1920 cap.
856 1861 1044 1909 LVI.

167 1965 275 2022 Pag.
300 1960 399 2017 356.
428 1977 476 2006 v.
506 1973 576 2004 12.
616 1972 750 2003 tuta
790 1985 847 1994 —
887 1939 1026 2004 Cod.
1069 1960 1205 2008 Voss.
1237 1977 1276 2004 e.
1313 1959 1474 2005 Schol.
1507 1960 1654 2008 habet

82 2061 243 2098 rata,
287 2046 420 2108 quod
464 2044 686 2091 Oudend.
729 2043 952 2090 defendit.
1022 2045 1288 2105 Vulgatum
1327 2058 1484 2090 tamen
1529 2047 1650 2092 bene

85 2149 133 2178 80
163 2146 339 2178 tuetur-

665 2216 809 2278 Cap.
871 2217 1076 2267 LVII.

169 2334 279 2391 Pag.
307 2339 405 2386 557.
431 2345 479 2374 v.
500 2338 542 2386 8.
568 2344 611 2390 9.
639 2331 1024 2377 Huiusmodi
1057 2346 1242 2391 quum
1268 2330 1337 2373 in
1370 2330 1645 2402 dicendno

84 2415 368 2460 rationes
413 2414 708 2460 incident
747 2441 807 2454 --
890 2416 968 2462 Sic
1008 2429 1133 2461 recte
1176 2400 1445 2475 Pur'goldus
1488 2434 1644 2462 emen-

85 2502 231 2546 davit.
292 2500 439 2561 Vulg.
489 2500 861 2548 huiusmodi
899 2501 1417 2548 necessitudines
1462 2519 1646 2563 quum

83 2586 149 2630 in
193 2586 456 2631 dicendi
494 2587 778 2633 rationes
818 2587 1139 2633 incident.

163 2675 277 2733 Pag.
303 2683 402 2728 557.
432 2688 482 2718 v.
507 2687 570 2732 19.
622 2673 688 2717 in
729 2674 843 2719 hoc
883 2673 1202 2718 inferiore
1230 2696 1288 2710 ·--
1314 2674 1391 2717 Ex
1416 2673 1641 2719 Lambin-

85 2757 416 2803 emendatione
454 2773 545 2820 pro
584 2758 719 2820 vulg.
773 2759 886 2804 hoc
943 2758 1244 2804 inferius.
