1924 3224
630 223 1067 269 CAPUT
1180 225 1230 268 1.
1510 206 1722 275 ‘x1x

144 373 248 446 'est
283 388 440 458 hoc,
484 386 653 467 quod
692 386 1140 445 Herennianus
1183 405 1501 464 nusquam
1541 389 1716 464 dicit,

152 522 217 561 se
257 500 519 559 Latinos
559 502 864 578 quosdam
912 500 1061 559 artis
1105 501 1439 579 scriptores
1486 522 1716 581 sequu-

148 630 288 673 tum
347 636 498 674 esse.
602 601 926 673 Memorat
977 630 1228 673 tanturn
1285 621 1588 744 Graecos,
1658 633 1719 676 et

62 869 64 871 ·
150 825 543 920 sumserint,'
591 866 620 902 a
661 866 726 903 se
771 845 990 903 relicta
1034 865 1166 904 esse
1196 844 1540 922 profitetur
1571 853 1616 904 Ι.
1666 871 1712 906 ι.

150 959 366 1017 Cicero
399 974 608 1016 autem
649 959 760 1015 lib.
796 964 871 1015 ΙΙ.
909 959 1399 1017 Rhetoricorum
1427 961 1545 1041 etsi
1577 984 1715 1021 non

147 1074 365 1153 magi8‚
415 1094 601 1150 quam
630 1073 760 1144 ille,
799 1072 1066 1130 Latinos
1110 1073 1184 1128 cle
1226 1088 1354 1130 arte
1383 1075 1714 1150 rhetorica,

148 1187 268 1266 qui.
308 1186 430 1245 sibi
457 1186 865 1263 praeiverint,
924 1200 1209 1244 auctores
1254 1169 1504 1260 laudan!
1559 1191 1714 1249 dicit

143 1303 360 1359 famen
407 1322 455 1358 c.
493 1322 542 1358 ρ.
592 1297 726 1359 sibi
759 1301 832 1357 ab
880 1300 1110 1358 ultimo
1152 1301 1472 1378 principio
1518 1295 1710 1364 huius

143 1415 606 1494 praeceptionis
652 1434 850 1491 usque
916 1433 948 1471 a
980 1415 1020 1471 d
1083 1416 1124 1471 h
1158 1437 1194 1473 o
1224 1436 1255 1472 c
1321 1430 1347 1473 t
1377 1438 1407 1475 e
1439 1439 1501 1486 m
1531 1440 1572 1496 p
1605 1441 1647 1476 u
1684 1441 1712 1479 s

147 1530 440 1587 omnium
470 1529 851 1606 scriptorum
888 1529 1096 1606 copias
1134 1530 1452 1606 expositas
1495 1553 1570 1589 ex
1596 1535 1709 1592 iis-

148 1665 268 1722 que
320 1643 598 1722 eligendi
649 1657 1026 1719 potestatem
1066 1642 1282 1701 fuisse.
1385 1650 1707 1707 Praeterea

145 1772 363 1816 auctor
406 1757 483 1814 ad
529 1742 926 1814 Herennium
970 1756 1196 1815 diserte
1241 1757 1567 1836 significat
1600 1766 1707 1820 IV.

148 1891 203 1946 7.
250 1872 513 1929 nomina
538 1854 890 1950 figurarum
917 1871 1178 1943 Latina,
1227 1893 1381 1949 quae
1415 1874 1489 1930 de
1516 1880 1707 1933 Grae-

147 2007 221 2044 co
256 1985 661 2056 converterit,
684 2001 924 2044 remota
961 2007 1095 2044 esse
1133 2007 1164 2043 a
1205 1988 1706 2057 consuetudine3

145 2101 314 2178 unde
343 2091 753 2177 probabiliter
781 2099 1126 2178 colligitur,
1174 2103 1231 2156 ei
1263 2101 1522 2158 nullum
1555 2104 1710 2160 Rhe-

144 2213 303 2272 toris
349 2213 535 2270 latini
575 2213 810 2271 librum
857 2213 1188 2292 cognitum
1227 2212 1445 2286 fuisse,
1504 2236 1534 2272 e
1578 2236 1706 2292 quo

143 2325 500 2406 figurarum
523 2327 720 2384 latina
748 2327 1008 2384 nomina
1029 2372 1044 2398 ,
1106 2327 1194 2384 sic
1225 2328 1353 2383 iam
1384 2327 1612 2385 usitata
1647 2344 1709 2386 et

143 2451 470 2518 propterea
497 2441 711 2500 minus
757 2441 1108 2519 asperitatis
1145 2441 1454 2513 habitura,
1496 2455 1703 2519 petere

141 2567 372 2630 posset.

88 2654 91 2656 ³
276 2667 572 2744 Denique
601 2684 820 2741 auctor
850 2669 1162 2728 librorum
1202 2670 1275 2727 ad
1306 2668 1704 2726 Herennium·

149 2784 197 2838 1.
231 2802 284 2857 9ό
336 2779 632 2855 affirmat,
683 2784 834 2856 sibi,
884 2805 1040 2862 quae
1076 2784 1151 2842 de
1182 2783 1442 2843 exordio
1473 2797 1533 2840 et
1558 2803 1701 2840 nar-
