1878 3198
228 204 324 262 158
567 198 1483 265 RHETORICORUM.

217 360 500 428 postremis
525 366 820 408 tenerem-‘⁶
890 360 989 410 Hic
1015 362 1062 411 si
1089 363 1210 432 quis
1228 363 1469 430 dixisset,
1487 373 1562 414 ue
1588 366 1789 440 optime
1812 351 1815 354 ⁴

219 456 478 504 tenerem,
548 446 765 494 tametsi
791 479 794 481 >
817 461 938 496 vere
987 445 1237 506 dixisset,
1306 458 1484 501 tamen
1531 468 1787 524 arrogans

217 531 366 582 visus
405 541 596 580 esset.-
655 531 808 580 Nunc
855 542 908 580 et
950 531 1018 582 ad
1063 533 1323 585 invidiam
1366 535 1790 609 vitandnpffwet

220 615 288 666 ad
327 614 539 666 laudem
578 614 992 683 comparandam*
1027 620 1157 669 satis
1197 619 1399 670 dietum
1433 633 1530 672 est.
1554 627 1561 670 f
1580 622 1789 692 ³.3·1tem=
1831 623 1833 628 ’

216 703 464 760 „Utrum
500 701 667 772 igitur
704 703 959 752 avaritiae
995 720 1152 754 causa
1186 719 1263 754 an·
1290 707 1537 778 egestatis
1568 708 1789 769 accessit

218 787 292 853 adv
326 783 690 837 maleficium?
749 788 1059 838 Avaritiae?
1114 801 1178 851 ³at
1214 790 1545 863 largissimus
1586 788 1697 869 fuit
1725 792 1785 850 in

217 875 436 923 amicos.
520 871 844 944 Egestatis?
905 886 959 924 at
1001 873 1146 925 huic*
1171 876 1387 946 quidem
1430 888 1584 945 pater
1622 876 1786 942 (nolo

216 959 444 1008 uim-ium
480 957 685 1022 dicere)
724 975 833 1009 nou
867 962 1241 1011 tenuissimum
1287 962 1686 1030 patrimonium·
1705 979 1783 1013 re·

214 1043 436 1114 liquit.“
509 1045 607 1093 Hic
640 1062 857 1114 quoque
891 1047 1123 1097 vitatum
1158 1057 1265 1106 est,
1303 1060 1660 1115 xie-magnum
1691 1059 1797 1099 aut*

214 1129 508 1178 maximum
550 1129 826 1180 diceretur.
867 1180 873 1199 Ι
923 1135 1037 1182 Hoc
1084 1134 1252 1204 igitur
1289 1134 1347 1183 in
1393 1135 1650 1192 nostris,
1684 1131 1785 1185 aut

216 1231 430 1272 eorum,
470 1231 605 1283 quos
644 1212 1016 1276 defendemus,
1076 1220 1297 1288 egregiis
1337 1208 1782 1288 commodispro·

215 1297 448 1351 ferendis
489 1299 907 1351 observabimus.
1010 1303 1145 1352 Nam
1183 1304 1447 1354 eiusmodi
1485 1321 1568 1354 res
1612 1316 1667 1354 et
1703 1306 1782 1355 iu-

214 1387 415 1437 vidiam
454 1383 772 1436 contrahunt
808 1388 864 1436 in
898 1388 1039 1447 vita,
1108 1399 1162 1438 et
1201 1389 1385 1439 odium
1419 1390 1477 1439 iu
1519 1391 1781 1450 oratione,

217 1473 266 1521 si
314 1471 705 1523 inconsiderate
750 1483 962 1523 tractes·
1012 1504 1025 1507 «
1063 1463 1269 1540 Quare,
1333 1474 1781 1544 quemadmodum

215 1559 423 1607 ratione
458 1559 515 1607 in
552 1557 779 1609 vivendo
813 1555 1022 1630 fugitur
1055 1559 1291 1619 invidia,
1352 1561 1430 1611 sic
1469 1561 1527 1610 in
1553 1558 1780 1612 dicendo

217 1644 443 1695 consilio
478 1645 679 1693 vitatur
715 1643 914 1694 odium.-
1198 1703 1200 1705 ‚

322 1740 408 1796 59.
458 1730 859 1797 Descriptio
896 1732 1229 1790 nominatur,
1269 1748 1405 1801 quae
1445 1728 1622 1782 rerum
1657 1747 1778 1783 con·

216 1816 551 1884 sequentium
591 1817 830 1865 continet
863 1818 1196 1884 perspicuam
1234 1828 1286 1864 et
1321 1815 1612 1871 dilucidam
1658 1831 1780 1866 cum

214 1902 469 1972 gravitate
495 1903 875 1968 expositionem
894 1938 907 1959 ,
948 1900 1051 1951 hoc
1078 1901 1267 1952 modo:
1307 1936 1343 1960 „
1361 1900 1570 1967 Quodsi
1594 1901 1777 1960 istum,

213 1986 446 2045 iudices,
485 1988 676 2037 vestris
713 1989 985 2037 sententiis
1010 1985 1389 2044 liberaveritis,
1429 1987 1614 2037 statim
1637 1987 1779 2038 sicut

215 2089 242 2121 e
284 2089 439 2123 cavea
486 2071 571 2123 leo
611 2074 834 2131 missus,
909 2083 1002 2121 aut
1054 2071 1230 2141 aliqua
1278 2073 1548 2122 teterrima
1600 2059 1776 2122 bellua

213 2158 388 2210 soluta
438 2175 498 2207 ex
549 2159 773 2215 catenis,
834 2155 1083 2208 volitabit
1118 2169 1172 2207 et
1220 2155 1502 2229 vagabitur
1540 2158 1598 2207 iu
1634 2153 1776 2215 foro,

212 2259 402 2294 acuens
439 2244 622 2294 dentes
662 2245 716 2293 in
744 2245 1001 2313 cuiusque
1039 2240 1313 2303 fortunas3
1352 2243 1410 2293 in
1435 2257 1618 2294 omnes
1647 2242 1774 2291 ami-

212 2346 300 2379 cos
331 2341 490 2399 atque
531 2331 806 2386 inimicoS‚
847 2339 1004 2379 notos
1043 2340 1203 2398 atque
1228 2330 1440 2399 ignotos
1468 2329 1772 2389 incursuum

211 2414 436 2465 aliorum
487 2412 682 2464 famam
734 2413 1075 2482 depeculans,
1142 2413 1369 2465 aliorum
1413 2424 1574 2482 caput
1609 2429 1774 2480 oppu÷

209 2517 374 2571 gnans
392 2536 407 2558 ,
448 2500 673 2551 aliorum
699 2500 918 2549 domuin
951 2511 1113 2568 atque
1142 2516 1351 2549 omnem
1381 2495 1635 2548 familiam
1660 2514 1776 2565 per·

209 2581 461 2655 fringens,
490 2583 869 2653 rempublicam
897 2582 1140 2635 funditus
1164 2582 1502 2634 labefactans.
1578 2583 1772 2649 Quare,

206 2669 437 2727 iudices,
477 2670 652 2719 eiicite
682 2687 802 2719 eum
831 2670 894 2720 de
921 2671 1162 2727 civitate,
1204 2669 1424 2720 liberate
1452 2685 1635 2721 omnes
1665 2665 1772 2720 for·
1813 2726 1820 2732 ⁴

208 2753 434 2813 midine,
510 2754 664 2805 vobis
715 2756 943 2825 denique
992 2755 1122 2822 ipsis
1173 2744 1448 2806 consulite.
1555 2755 1690 2804 Nam
1726 2756 1773 2804 si
