1878 3198
227 266 332 321 214
723 250 1309 300 CICERONIS>

225 428 346 475 tui-3
360 426 441 465 et
476 415 524 464 si
549 429 659 464 non
685 411 750 462 ab
791 429 853 462 eo
870 448 886 472 ,
926 413 983 462 in
1015 400 1124 483 quo
1150 412 1390 481 proxime
1418 414 1650 464 desitum
1675 416 1796 474 erit,

164 520 168 522 ·
227 502 470 567 deinceps
497 501 798 567 incipietur.
872 500 951 555 Ac
975 482 1173 549 multos
1199 501 1433 550 imitatio
1461 499 1662 567 decipit
1678 498 1799 550 hre-

226 588 442 645 vitatis,
484 597 573 643 ut,
625 601 792 653 quum
831 601 885 632 se
921 582 1106 635 breves
1144 595 1335 651 putent
1373 601 1516 644 esse,
1555 584 1800 656 longissi-

227 673 304 720 mi
341 674 475 721 sint.
528 688 696 740 quum
729 668 856 719 dent
892 685 1137 735 operam,
1177 681 1240 719 ut
1279 686 1362 719 res
1397 670 1592 720 multas
1628 669 1802 722 brevi·

225 768 308 807 ter
343 745 555 815 dicant,
618 773 728 805 non
765 765 828 804 ut
866 756 1084 805 omnino
1121 772 1315 822 paucas
1350 773 1435 807 res
1473 741 1684 813 dicant,
1748 766 1804 805 et

227 860 336 893 non
363 842 484 910 plui
488 859 601 900 es,
623 859 784 910 quam
823 832 1035 889 necesse
1072 842 1159 892 sit.
1234 842 1368 890 Nam
1393 836 1673 910 pleiisque
1685 839 1802 890 bre·

227 929 364 978 viter
414 929 587 978 dicere
621 927 864 985 videtur,
925 928 1019 996 qui
1058 926 1132 974 ita
1173 926 1334 976 dicit.
1420 928 1684 991 „Accessi
1732 925 1804 978 ad

229 1014 414 1073 aedeS,
453 1031 678 1081 puerum
717 1030 777 1064 ev
782 1013 961 1071 ocavi;
1000 1011 1303 1079 respondit3
1356 1006 1595 1085 quaesivi
1619 1011 1803 1062 domi-

228 1116 386 1159 nu1n;
441 1099 589 1149 domi
627 1099 840 1168 negavit
876 1114 1005 1147 esse.
1026 1104 1061 1127 “
1160 1098 1288 1155 Hic,
1353 1098 1594 1171 tametsi
1605 1107 1690 1148 tot
1719 1113 1804 1151 res
1851 1159 1854 1162 p

98 1222 100 1225 .
158 1250 161 1254 Ι
229 1182 441 1235 brevius
484 1201 592 1237 non.
629 1186 806 1251 potuit
845 1184 1047 1240 dicere,
1087 1193 1264 1231 tamen
1302 1179 1370 1232 fit
1412 1176 1594 1233 rerum‘
1627 1182 1804 1235 multi·
1861 1238 1866 1250 ι

230 1268 418 1318 tudine
468 1268 675 1338 longus.
779 1269 953 1333 Quare
1006 1266 1111 1318 hoc
1151 1284 1366 1336 quoque
1404 1269 1460 1317 in
1502 1285 1692 1339 genere
1729 1269 1806 1341 vti·-

230 1354 394 1403 tanda
438 1365 525 1405 est
552 1354 827 1407 brevitatis
877 1353 1144 1409 imitatio,
1176 1363 1238 1400 et
1275 1369 1384 1402 non
1421 1355 1597 1403 minus
1629 1371 1806 1404 rerum

235 1455 345 1489 non
372 1441 813 1502 necessariarum,
846 1455 1015 1508 *quam
1039 1434 1325 1489 verborum
1353 1437 1695 1492 multitudiue
1719 1456 1807 1495 su·

233 1525 619 1597 persedendum
654 1535 749 1578 est.
1731 1508 1735 1514 ⁸

343 1701 601 1767 Aperta
650 1711 827 1750 autem
880 1700 1114 1750 narratio
1141 1699 1364 1767 poterit
1409 1714 1546 1757 esse,
1610 1698 1685 1757 si,
1735 1698 1809 1749 vut

237 1785 475 1854 quidque
511 1787 741 1852 primum
784 1797 989 1856 gestum
1029 1787 1160 1841 erit,
1201 1786 1276 1833 ita
1315 1785 1548 1851 primum
1587 1800 1808 1872 expone·

236 1880 356 1927 tur,
420 1882 471 1919 et
521 1888 696 1918 rerum
733 1888 793 1919 ac
845 1882 1162 1936 tempoium
1185 1870 1317 1919 ordo
1358 1861 1691 1927 servabitur,
1749 1879 1811 1918 ut

238 1955 314 2004 ita
354 1967 631 2004 narrentui
645 1991 659 2013 ,
700 1967 762 2008 ut
802 1966 976 2025 gestae
1011 1971 1092 2003 res
1132 1966 1315 2011 erunt,
1357 1965 1450 2003 aut
1478 1965 1540 2002 ut
1572 1952 1809 2025 potuisse

196 2079 197 2082 ι
240 2042 353 2111 geri
394 2040 730 2090 videbuntur.
806 2042 903 2088 Hic
945 2039 1387 2091 consideiaudum
1420 2040 1546 2098 erit,
1587 2055 1651 2088 ne
1679 2037 1812 2135 quid

237 2112 575 2195 perturbate,
616 2143 680 2175 ne
715 2126 846 2197 quid
885 2136 1125 2175 contmte
1163 2126 1399 2182 dicatur,
1452 2141 1518 2174 ne
1557 2141 1717 2194 quam
1754 2123 1811 2174 in

242 2211 401 2260 aliam
439 2229 550 2261 rem
585 2224 912 2268 transeatur,
954 2227 1018 2259 ne
1060 2209 1124 2260 ab
1167 2211 1358 2261 ultimo
1397 2220 1693 2279 repetatur,
1744 2206 1811 2257 ne

242 2297 311 2346 ad
360 2309 647 2348 extremum
699 2298 1018 2364 prodeatur,
1081 2313 1144 2344 ne
1185 2296 1346 2366 quid,
1412 2295 1559 2366 quod
1598 2294 1665 2344 ad
1699 2310 1812 2369 rem

241 2385 532 2450 pertineat,
572 2394 959 2453 praeter-catum
1002 2392 1053 2430 et
1081 2382 1330 2439 omnino,
1372 2397 1506 2451 quae
1534 2389 1811 2450 praecepta

244 2467 310 2516 de
342 2466 601 2519 brevitate
637 2480 790 2525 sunt,
826 2466 932 2517 hoc
969 2476 1184 2536 quoque
1223 2467 1279 2515 in
1319 2483 1506 2536 genere
1538 2477 1664 2515 sunt
1689 2481 1812 2514 con-

246 2554 518 2605 servanda.
592 2555 726 2606 Nam
762 2569 915 2621 saepe
954 2568 1035 2600 res
1068 2569 1256 2617 parum
1293 2559 1372 2601 est
1403 2549 1668 2617 intellecta
1697 2548 1811 2599 lon·

247 2638 488 2709 gitudiue
527 2640 724 2709 magis,
765 2655 925 2707 quam
966 2635 1287 2686 obscuritate
1322 2621 1660 2685 narrationis.
1733 2634 1812 2684 Ac
1862 2640 1867 2646 '

246 2722 421 2773 verbis
465 2741 679 2793 quoque
720 2722 968 2772 dilucidis
1006 2722 1261 2770 utendum
1302 2732 1410 2780 est;
1481 2725 1587 2791 qu'o
1629 2719 1699 2786 de
1727 2735 1811 2790 ge·

247 2824 371 2858 uere
406 2807 686 2858 dicendum
728 2819 807 2857 est
843 2810 899 2857 in
936 2808 1227 2875 praeceptis
1268 2802 1644 2875 eloquutio'nis'.
