1878 3198
2 204 28 284 ἰ
228 179 948 260 “RHETORICORUM
1019 215 1178 258 Lm.
1225 215 1301 263 11..
1345 225 1426 267 31.
1542 229 1642 275 522

18 387 23 396 '
78 386 186 435 est,
247 379 411 426 uteo
450 376 658 427 traduci
695 377 946 425 victimae
998 374 1146 424 nullo
1210 375 1373 426 modo
1411 381 1643 443 possent.

74 462 392 520 Redemtor,
431 478 556 510 suae
593 460 883 512 voluntatis
923 460 1279 535 ostendendae
1323 478 1511 520 causa,
1550 460 1644 511 ho-

76 549 204 599 stias
245 549 526 612 constituit
562 563 747 596 omnes
784 548 839 595 in
878 545 1066 604 litore,
1106 556 1198 604 ut,
1237 548 1333 616 qui
1369 558 1513 596 trans
1549 546 1644 596 flu·

74 651 200 684 men
237 647 438 692 essent,
480 633 657 683 videre
694 643 927 699 possent.
1028 632 1205 696 Quum
1246 650 1426 682 omnes
1468 634 1662 684 studio

65 709 192 770 *eius
233 718 465 769 subitam
502 716 740 766 fluminis
789 717 1211 787 magnitudinem
1249 720 1442 773 scirent
1479 716 1647 768 fuisse

16 790 24 803 ἰ
55 805 488 873 impedimento,
541 814 717 852 tamen
756 803 974 872 quidam
1013 805 1198 870 capitis
1237 806 1648 854 areessierunt.“

6 920 8 922 ·
74 891 306 941 Intentio
345 901 454 940 est:
517 925 552 948 ,,
571 891 814 948 Hostiae,
857 906 988 959 quas
1029 888 1292 948 debuisti,
1340 890 1406 939 ad
1445 887 1647 939 sacrifi-

3 964 21 1050 ἰι
76 978 219 1027 cium
256 987 468 1044 praesto
507 992 615 1025 non
653 971 929 1024 fuerunt.“
1024 972 1279 1042 Depulsio
1323 986 1402 1025 est
1441 992 1647 1026 conces-

4 1054 28 1117 s?
64 1063 178 1115 'sio'.
237 1064 442 1112 ‘Ratim
492 1059 764 1119 „Flumen
803 1062 944 1109 enim
982 1059 1165 1110 subito
1206 1062 1455 1119 accrevit,
1496 1072 1548 1109 et
1587 1078 1646 1110 ea

74 1164 134 1196 re
171 1148 383 1197 traduci
421 1163 530 1196 non
566 1154 918 1212 potuerunt.“
990 1143 1322 1196 Infirmatio:
1385 1148 1644 1205 „Tamen‚

75 1233 365 1300 quoniam,
417 1231 568 1301 quod
602 1230 684 1279 lex
720 1229 899 1288 iubet,
959 1227 1160 1280 factum
1212 1249 1322 1281 non
1370 1243 1475 1288 est,
1529 1247 1647 1298 sup-

3 1334 33 1374 ς-
77 1317 240 1384 plicio
291 1317 484 1387 dignus
534 1323 659 1365 es.“
745 1306 1036 1368 Iudicatio:
1110 1318 1332 1383 „Quum
1385 1318 1441 1364 in
1490 1333 1551 1365 ea
1588 1332 1646 1365 re

79 1414 264 1454 contra
311 1403 479 1474 legem
526 1403 813 1466 redemtor>
843 1399 1057 1461 fecerit,
1121 1420 1227 1472 qua
1278 1403 1334 1450 in
1370 1418 1427 1450 re
1466 1403 1647 1451 studio

3 1508 14 1566 s
78 1491 192 1538 eius
231 1487 409 1538 subita
453 1487 688 1537 fluminis
717 1485 1013 1540 ,obstiterit
1061 1487 1403 1558 magnitudo,
1451 1487 1647 1555 suppli-

2 1606 26 1642 :as'
79 1575 232 1624 cione
271 1574 465 1644 dignus
505 1571 666 1622 sit‘.2“

2 1653 24 1745 t
185 1658 656 1709 Necessitudo
696 1669 871 1707 autem
909 1655 1165 1717 infertur,
1225 1676 1391 1727 quum
1427 1658 1482 1708 vi
1521 1675 1646 1726 qua-

0 1740 58 1834 ῥ
80 1745 204 1795 dam
236 1760 361 1817 ‘reus
400 1744 487 1800 id,
529 1743 674 1813 quod
704 1741 915 1800 fecerit,
956 1740 1143 1792 fecisse
1172 1740 1504 1804 defenditur,
1544 1741 1649 1792 hoc

81 1830 275 1881 modo:
337 1830 496 1888 „Lex
534 1840 612 1878 est
649 1829 791 1896 apud
835 1827 1106 1884 Rhodios,
1169 1839 1259 1886 ut,
1315 1829 1362 1876 si
1411 1845 1532 1896 qua.
1564 1844 1648 1877 ro·

4 1907 21 1977 Γ
81 1927 246 1965 strata
296 1915 375 1963 in?
398 1927 562 1982 portu
615 1917 766 1965 navis
817 1913 1139 1982 deprehensa
1178 1914 1278 1970 sit,
1328 1912 1647 1981 publicetur.

81 2000 261 2066 Quum
311 2018 503 2071 magna
552 2001 609 2073 in
659 1999 766 2049 alto
805 2010 1088 2071 tempestas
1127 2008 1291 2055 esset,
1347 2000 1427 2049 vis
1465 2009 1647 2050 vento·

7 2136 25 2159 k
78 2101 230 2143 rum,
287 2085 471 2136 invitis
509 2086 714 2142 nautis,
751 2083 1084 2134 Rhodiorum
1122 2086 1175 2132 iu
1215 2094 1433 2151 portum
1470 2085 1650 2134 navim

4 2160 47 2259 ἃ
82 2171 270 2241 coegit.
348 2171 615 2236 Quaestor
651 2172 829 2221 navim
864 2170 1052 2238 populi
1087 2181 1260 2221 vocat.
1352 2169 1515 2218 Navis
1556 2167 1647 2217 do·

4 2256 50 2337 ἐξ·υ
79 2257 256 2305 minus
307 2268 464 2327 negat
519 2255 783 2324 publicari
843 2266 1103 2323 oportere.
1123 2262 1158 2284 “
1255 2255 1486 2305 Intentio
1539 2265 1647 2303 est:

16 2341 20 2382 ἶ
82 2343 372 2399 „Rostrata
422 2344 569 2392 navis
620 2342 676 2389 in
725 2353 883 2409 portu
933 2338 1257 2407 deprehensa
1307 2348 1401 2388 est.
1420 2345 1457 2368 “
1548 2339 1646 2387 De-

16 2436 34 2457 ⁴,
82 2425 256 2493 pulsio
295 2437 373 2476 est
410 2428 698 2477 concessio.
771 2428 958 2477 Ratioz
1001 2427 1104 2484 „vi
1140 2437 1193 2473 et
1230 2415 1526 2474 necessario
1565 2441 1647 2473 su—

32 2567 36 2573 ,
82 2526 201 2560 mus
251 2513 308 2560 in
356 2523 574 2579 portum
612 2513 844 2561 coacti.“
929 2509 1258 2560 Infirmatio:
1310 2510 1551 2567 „Navim
1589 2526 1650 2557 ex

26 2624 41 2659 ,²
83 2591 196 2665 lege
222 2607 399 2646 tamen
424 2596 612 2665 populi
637 2613 749 2646 esse
774 2602 1047 2665 oportet-‘⁶
1100 2594 1387 2644 Iudicati0:
1426 2595 1651 2660 „Quum

84 2691 367 2730 rostratam
405 2684 583 2733 navim
635 2683 694 2731 in
728 2669 890 2749 Portu
941 2678 1318 2748 deprehensam
1359 2679 1443 2728 lex
1475 2678 1647 2746 puhli-

75 2760 244 2824 -ca'rim
327 2784 598 2836 quumque
651 2766 781 2818 haec
829 2768 1011 2823 navis,
1086 2766 1269 2816 invitis
1323 2765 1533 2822 nautis,
1584 2765 1649 2815 wi

155 2857 240 2898 cic.
264 2858 448 2898 Rhetor.
491 2860 582 2900 Vol.
608 2862 645 2898 Ι.
1024 2860 1026 2862 “
1513 2863 1572 2898 21
