1924 3224
219 249 322 295 An
376 243 880 293 HERENNIUM
927 246 1092 292 Lm.
1140 245 1356 296 1v.-6.
1395 257 1451 301 7.
1569 262 1671 310 117
1732 204 1771 227 ⁰

104 407 376 487 metheus,
441 426 606 479 quum
656 405 972 458 mortalibus
1007 407 1185 479 ignem
1223 399 1460 459 dividffioe
1495 407 1668 466 vellet,

107 499 220 564 ipse
269 514 300 544 a
347 496 563 566 vicinis,
618 511 739 543 cum
787 504 925 543 testa
974 491 1280 551 ambulans,
1319 493 1670 543 carbunculos

108 591 441 652 corrogaret‚
481 579 909 630 nonridiculum
945 578 1250 630 videretur?
1309 581 1404 629 Isti
1426 581 1673 650 magistri

106 683 217 717 non
254 666 500 718 videntur
537 664 640 714 sibi
678 664 900 715 ridicule
937 661 1138 722 facere,
1196 683 1361 734 quum
1399 664 1503 723 id,
1525 664 1674 733 quod

110 751 228 801 aliis
275 750 627 818 pollicentur,
693 748 758 798 ab
813 748 930 797 aliis
981 761 1262 818 quaerunt.
1350 750 1434 807 Si,
1485 751 1580 819 qni
1617 765 1673 800 se.

107 834 285 887 fontes
347 837 633 893 maximos,
695 836 906 902 penitus
969 833 1339 893 absconditos,
1406 837 1673 901 aperuisse
1717 838 1736 863 ξ’

109 923 281 980 dicat,
346 933 399 971 et
446 916 576 978 hoc,
636 921 820 968 sitiens
868 937 1033 988 quum
1080 921 1336 977 maxime,
1395 919 1669 988 loquatur,

109 1024 280 1076 neque
315 1004 535 1063 haheat,
576 1006 672 1074 qui
707 1005 852 1053 sitim
891 1004 1066 1062 sedet,
1106 1021 1215 1054 non
1249 1003 1522 1055 rideatur?
1568 1005 1702 1074 Isti

110 1107 278 1163 quum
314 1108 422 1141 non
459 1090 621 1139 modo
661 1089 906 1138 dominos
945 1106 1001 1137 se
1037 1086 1284 1148 fontium,
1317 1089 1410 1139 sed
1443 1107 1498 1138 se
1527 1094 1672 1160 ipsos

107 1176 286 1228 fontes
335 1193 448 1225 esse
494 1175 698 1231 dicant,
762 1185 814 1222 et
850 1175 1085 1223 omnium
1121 1170 1295 1243 rigare
1332 1172 1560 1223 debeant
1596 1176 1672 1223 in-

108 1263 293 1333 genia,
341 1277 458 1310 non,
493 1271 686 1327 putant
733 1257 849 1308 fore
892 1257 1207 1315 ridiculum,
1271 1260 1347 1317 si,
1401 1277 1568 1329 quum
1615 1259 1673 1309 id

108 1347 460 1415 polliceantur
510 1345 657 1401 aliis,
716 1355 956 1392 arescant
1005 1344 1108 1410 ipsi
1145 1345 1398 1394 siccitate.
1452 1343 1669 1395 ‘Chares

108 1451 139 1483 a
190 1434 423 1501 Lysippo
473 1442 672 1480 statuas
722 1427 894 1478 facere
945 1446 1055 1478 non
1105 1430 1208 1478 isto
1259 1429 1421 1479 modo
1462 1430 1668 1490 didicit,

108 1530 172 1567 ut
220 1520 482 1586 Lysippus
543 1526 701 1582 caput
761 1514 1064 1563 ostenderet
1111 1515 1382 1581 Myronis,
1453 1513 1671 1564 brachia

108 1601 430 1659 Praxitelae,
502 1611 684 1666 pectus
743 1597 1031 1666 Polycleti3
1105 1599 1200 1668 sed
1258 1601 1436 1648 omnia
1493 1617 1670 1650 coram

109 1688 423 1757 magistrum
461 1682 740 1734 facientem
776 1683 1020 1741 videbat,
1062 1695 1358 1733 ceterorum
1397 1701 1553 1752 opera
1588 1682 1672 1735 vel

110 1789 204 1820 sua
242 1781 430 1837 sponte
467 1771 799 1819 considerare
835 1780 1060 1836 poterat.
1147 1770 1242 1817 Isti
1264 1769 1522 1827 credunt,
1560 1784 1669 1827 eos,

111 1858 221 1926 qui·
250 1855 383 1907 haec
431 1855 595 1907 velint
641 1856 868 1913 discere,
917 1854 1018 1903 alia
1058 1856 1263 1904 ratione
1288 1853 1480 1904 *doceri
1515 1869 1671 1921 posse

110 1941 457 1992 commodius.
573 1932 591 1946 ³

217 2038 267 2086 7.
307 2029 581 2076 Praeterea
607 2043 672 2075 ne
696 2036 923 2092 possunt
948 2025 1163 2094 quidem
1189 2042 1266 2083 ea,
1295 2041 1430 2095 quae
1457 2042 1669 2074 sumun-

109 2124 198 2160 tur
246 2110 312 2160 ab
365 2111 512 2169 aliis,
563 2110 798 2177 exempla
848 2123 958 2160 tam
1008 2127 1120 2159 esse
1146 2111 1564 2168 ⁴accommodata
1602 2109 1669 2159 acl

112 2208 306 2254 artem,
344 2215 504 2266 quam
539 2198 781 2263 propria;
819 2208 1125 2263 propterea,
1164 2196 1313 2265 quod
1350 2197 1404 2244 in
1443 2195 1668 2245 dicendo

109 2282 297 2332 leviter
342 2282 706 2350 unusquisque
753 2279 902 2330 loeus
939 2280 1249 2349 plerumque
1286 2282 1550 2350 tangitur,
1597 2296 1667 2340 ne
1686 2331 1693 2336 ,,

108 2380 209 2416 ars·
244 2377 518 2433 appareat3
570 2367 626 2414 in
674 2367 1044 2434 praecipiendo
1097 2382 1334 2432 expresse
1371 2366 1666 2431 conscripta

109 2468 303 2517 ponere
353 2462 563 2517 oportet
607 2451 869 2519 exempla,
919 2462 980 2500 ut
1028 2453 1083 2499 in
1122 2452 1247 2499 artis
1286 2446 1508 2499 formam
1545 2465 1685 2509 con-⁴⁴

109 2537 288 2587 venire
337 2537 572 2602 possint3
627 2548 679 2586 et
724 2548 847 2604 post
883 2538 939 2585 in
976 2535 1232 2593 dicendo,¹
1278 2552 1341 2584 ne
1378 2536 1547 2602 possit
1584 2550 1667 2582 ars

111 2622 336 2669 eminere
388 2631 439 2669 et
488 2619 553 2668 ab
602 2621 848 2670 omnibus
896 2622 1095 2680 videri,
1148 2618 1400 2670 facultate
1440 2620 1667 2669 oratoris

110 2705 423 2754 occultatur.
505 2707 647 2775 Ergo
682 2707 841 2755 etiam
877 2718 938 2755 ut
974 2707 1140 2776 magis
1179 2723 1259 2754 ars
1292 2715 1664 2775 cognoscatur,

112 2791 221 2840 suis
260 2788 506 2857 exemplis
545 2790 729 2841 melius
768 2802 850 2839 est
890 2792 984 2840 uti.
1060 2793 1332 2841 Postremo
1370 2789 1499 2839 haec
1538 2804 1667 2857 quo·
