1878 3198
1199 133 1227 149 l

303 227 967 275 RHETORICORUM
1033 230 1190 274 LIB.
1236 231 1309 272 11.
1352 212 1438 285 571
1542 239 1646 292 357

6 368 42 390 Μ
83 407 255 463 neque
277 393 493 451 mutari,
533 409 704 462 neque
728 391 882 441 leniri
904 402 1096 458 potest.
1170 391 1376 460 Atque,
1416 402 1478 441 ut
1504 407 1646 458 aper-

36 464 45 472 ’
83 480 189 528 tius
214 477 434 552 hoc'sjt,
475 477 723 545 exemplis
749 477 872 526 licet
896 478 1004 540 vim
1031 478 1125 533 rei,
1166 477 1339 545 qualis
1372 488 1424 526 et
1451 489 1647 546 quanta

85 564 184 621 sit,
225 578 620 633 cognoscamus.
707 563 804 612 Uri
839 579 997 628 posse
1040 561 1251 611 flamma
1290 562 1517 633 ligneam
1543 580 1649 613 ma-

82 650 273 697 teriam
296 665 507 699 necesse
533 660 630 698 est.
721 649 927 714 Corpus
952 645 1174 696 mortale
1201 647 1380 717 aliquo
1410 660 1649 720 tempore

83 733 302 782 interire
337 751 549 786 necesse
593 745 703 793 est3
762 745 919 802 atque
955 733 1030 780 ita
1070 748 1277 782 necesse
1297 767 1312 791 ‚
1363 743 1424 783 ut
1453 736 1530 784 vis
1556 750 1648 800 po-

83 818 250 867 stulat
277 835 336 867 ea
353 855 369 877 ‚
420 837 582 888 quam
607 819 770 868 modo
800 816 1224 868 describebamus
1241 851 1256 875 ,
1307 818 1649 868 necessitudi-

34 965 38 970 ⁴
82 904 197 960 nis,
251 905 337 953 cui
363 903 508 953 nulla
546 905 600 955 vi
626 905 803 953 resisti
827 915 1033 971 potest,
1075 919 1212 971 quae
1239 919 1408 972 neque
1434 905 1646 960 mutari,

15 1003 50 1014 ·‘
82 1005 254 1057 neque
283 989 440 1038 leniri
479 996 674 1055 potest.
768 988 1087 1038 Huiusmodi
1125 1006 1290 1056 quum
1331 989 1386 1036 in
1424 987 1650 1037 dicendo

20 1083 24 1103 ·'
81 1075 316 1124 rationes
347 1074 613 1132 incident,
681 1085 823 1122 recte
864 1072 1277 1122 necessitudines
1316 1070 1650 1139 appellabun-

81 1167 200 1217 tur;
250 1160 334 1207 sin
360 1158 570 1227 aliquae
593 1175 676 1206 res
702 1159 941 1209 incident
967 1156 1209 1208 difficiles
1226 1193 1241 1217 ,
1295 1159 1352 1206 in
1379 1157 1468 1207 illa
1502 1175 1651 1225 supe·

82 1244 246 1300 riori,
307 1246 546 1311 possitne
598 1240 751 1301 fieri‚“
800 1230 1125 1313 *quaestione
1178 1242 1649 1293 considerabimus.

82 1331 260 1395 Atque
298 1329 458 1377 etiam
483 1327 587 1378 hoc
612 1327 747 1377 mihi
771 1329 958 1380 videor
987 1330 1195 1386 videre,
1249 1346 1361 1378 esse
1393 1330 1649 1399 quasdam

82 1429 205 1462 cum
247 1402 586 1464 adiunctione
631 1415 1073 1472 necessitudines,
1154 1414 1413 1483 quasdam
1451 1414 1651 1481 simpli·

82 1514 168 1547 ces
204 1509 255 1547 et
291 1497 577 1549 absolutas.
665 1503 800 1550 Nam
841 1500 992 1549 aliter
1031 1500 1205 1549 dicere
1241 1499 1501 1548 solemus:
1551 1501 1650 1549 Ne·

10 1567 13 1575 ¹
82 1599 229 1631 cesse
257 1593 334 1630 est
363 1583 710 1644 Casilinenses
736 1602 792 1633 se
828 1585 1016 1634 dedere
1044 1583 1325 1643 Annibali3
1379 1584 1534 1635 aliter
1562 1603 1650 1634 au-

81 1678 220 1716 tem:
258 1667 479 1718 Necesse
516 1680 596 1718 est
634 1669 925 1719 Casilinum
953 1673 1130 1721 venire
1174 1671 1230 1719 in
1253 1669 1532 1719 Annibalis
1559 1686 1651 1736 po·

7 1738 38 1808 3·
81 1762 345 1803 testatem.
424 1744 579 1810 Illic,
631 1756 685 1802 in
718 1758 1018 1822 superiore,
1072 1755 1344 1805 adiunctio
1385 1765 1464 1803 est
1502 1753 1650 1814 haec,

7 1893 12 1896 ¹
80 1838 188 1886 nisi
215 1839 261 1886 si
288 1837 492 1886 malunt
517 1835 656 1887 fame
680 1842 881 1906 perii-433
937 1843 979 1890 si
1007 1842 1148 1888 enim
1174 1841 1230 1889 id
1266 1838 1502 1898 malunt,
1542 1856 1651 1889 non

80 1932 163 1970 est
196 1938 434 1970 necesse:
487 1924 541 1970 in
579 1921 682 1972 hoc
718 1921 971 1973 inferiore
1013 1943 1120 1975 non
1163 1927 1319 1981 item,
1371 1924 1652 1990 propterea

80 2006 245 2074 quod,
286 2008 395 2056 sive
422 2007 586 2057 velint
609 2008 957 2059 Casilinenses
985 2028 1040 2059 se
1067 2010 1274 2067 dedere,
1306 2010 1426 2058 rsive
1454 2006 1649 2058 famem

77 2093 282 2158 perpeti
311 2103 469 2160 atque
492 2094 569 2141 ita
591 2097 780 2160 perire,
809 2111 1022 2144 necesse
1049 2107 1129 2144 est
1158 2094 1447 2144 Casilinum
1472 2095 1652 2143 venire

79 2176 136 2224 in
185 2177 460 2227 Annibalis
510 2190 848 2244 potestatem.
962 2182 1109 2246 Quid
1171 2182 1334 2249 igitur
1392 2175 1650 2244 perficere

77 2272 256 2328 potest
280 2260 412 2311 haec
435 2264 844 2314 necessitudims
872 2264 1222 2315 distributio?
1259 2265 1428 2330 Prope
1455 2262 1648 2333 dicam,

18 2399 19 2402 Ἴ
75 2345 400 2411 plurimum,
453 2366 617 2416 quum
659 2350 704 2398 is
747 2349 896 2400 locus
938 2350 1341 2400 necessitudinis
1379 2347 1649 2400 videbitur

77 2430 360 2482 incurrere.
475 2434 608 2482 Nam
661 2452 828 2503 quum
875 2435 1094 2502 simplex
1146 2435 1246 2482 erit
1292 2433 1646 2492 necessitudo,

28 2531 47 2564 *⁴
78 2513 211 2564 nihil
238 2519 337 2566 erit
373 2518 521 2586 quod
549 2517 712 2565 multa
740 2520 1007 2579 dicamus,
1059 2537 1224 2588 quum
1254 2536 1367 2567 eam
1400 2518 1542 2567 nulla
1567 2537 1647 2567 ra·

47 2615 50 2623 ¹
77 2600 224 2649 tione
249 2601 410 2650 lenire
436 2604 728 2667 possimus:
782 2623 948 2673 quum
986 2616 1160 2652 autem
1188 2606 1263 2652 ita
1292 2621 1502 2653 necesse
1529 2606 1645 2660 erit,

77 2694 138 2730 ut
174 2685 376 2753 aliquid
411 2683 666 2757 effugere,
719 2701 812 2738 aut
851 2689 1075 2755 adipisci
1115 2687 1364 2748 velimus,
1414 2702 1532 2738 tum
1558 2690 1647 2739 ad-

81 2766 283 2819 iunctio
309 2770 399 2818 illa
423 2772 556 2840 quid
580 2771 778 2827 habeat
800 2773 1085 2831 utilitatis,
1128 2784 1219 2822 aut
1244 2774 1376 2844 quid
1400 2772 1644 2825 honesta-
