1924 3224
221 238 323 290 m)
364 213 879 284 flizRENNmM
936 237 1093 280 Lm.
1137 236 1230 284 IV.
1272 248 1355 280 ει.
1403 247 1485 282 22.
1578 252 1675 300 157

108 410 316 458 tautum
365 399 567 447 curiam
607 399 815 470 diligis,
879 408 1136 467 quantum
1182 396 1464 448 Curiam.“
1546 398 1676 450 Ad·

110 485 354 536 deudis
397 485 561 536 literis
581 522 595 543 ,
647 483 751 534 hoc
774 495 958 551 pacto:
1022 485 1171 541 „Hic
1197 482 1298 533 sibi
1324 496 1506 551 posset
1546 493 1692 550 tem-¹

108 584 330 637 parare,
370 573 474 620 nisi
501 571 671 620 amori
701 569 880 619 mallet
913 565 1335 634 obtemperare.“
1406 573 1675 620 Demen÷

113 655 217 707 dis
271 654 471 715 literis,
551 657 652 706 sic:
734 655 842 714 „Si
891 653 1102 703 lenones
1151 657 1370 706 vitasset
1420 666 1676 725 tanquam

110 740 312 802 leones,
363 743 505 792 vitae
546 759 601 791 se
637 741 962 791 tradidisset.
980 747 1017 770 “
1127 737 1675 792 Transferendis

109 825 306 883 literis,
347 827 450 877 sic:
491 827 758 885 ‚‚Videte‚
798 826 1029 882 iudices,
1068 836 1245 873 utrum
1279 823 1486 876 homiui
1512 843 1674 887 nava,

113 929 180 964 an
218 927 363 959 vano
399 913 607 964 credere
641 912 911 963 malitis,“
983 912 1146 960 Item:
1176 909 1179 912 ’
1213 911 1398 968 „Nolo
1429 929 1541 962 esse
1565 912 1676 961 lau·-

114 995 308 1056 dacor,
382 1015 448 1047 ne
485 998 668 1048 videar
703 995 1028 1044 adulator.“
1127 996 1676 1060 Commutandis,

111 1079 216 1131 hoc
255 1082 447 1133 modo:
526 1080 837 1146 „Deligere
877 1091 1117 1147 oportet,
1191 1082 1516 1148 quem‘velis
1555 1081 1677 1130 dili-

112 1181 253 1232 gere:
271 1175 307 1238 ξ’
380 1170 488 1216 Hae
527 1178 652 1215 suut
691 1167 1181 1223 annominationes‚
1238 1183 1374 1234 quae
1410 1168 1466 1214 in
1503 1166 1679 1216 litera·

114 1269 233 1300 rum
281 1253 726 1309 commutatione,
803 1249 1097 1306 brevitate,
1165 1262 1257 1299 aut
1305 1251 1677 1317 productione,

113 1347 207 1387 aut
244 1337 621 1395 translatione,
673 1348 766 1386 aut
791 1327 970 1406 aliquo
997 1334 1310 1385 huiusmodi
1345 1352 1534 1407 ‘genere
1568 1355 1680 1388 vcr-

121 1434 323 1471 santur.

223 1522 307 1556 22.
362 1507 500 1556 Sunt
551 1518 726 1556 autem
774 1506 935 1564 aliae,
999 1521 1134 1574 quae
1176 1521 1286 1554 non
1332 1504 1532 1556 habent
1568 1518 1680 1555 tam

114 1594 468 1662 propinquam
503 1593 561 1639 in
601 1590 775 1640 verbis
815 1591 1246 1648 similit-udinem,
1288 1601 1341 1639 et
1370 1602 1548 1639 tamen
1574 1592 1678 1641 dis-

119 1677 316 1726 similes
358 1693 468 1726 non
508 1688 659 1734 sunt3
723 1674 920 1745 quibus
973 1676 1035 1724 de
1081 1666 1360 1746 generibus
1399 1687 1563 1725 unum
1604 1689 1681 1726 est

115 1761 453 1812 huiusmodi:
494 1762 679 1828 „Quid
702 1763 938 1818 veniam,
979 1763 1071 1828 qui
1098 1763 1224 1820 sim,
1265 1780 1430 1831 quare
1451 1765 1678 1819 veniam,

117 1865 275 1917 quem
301 1846 620 1902 insimukm,
662 1849 748 1895 cui
772 1848 991 1913 prosim,
1032 1863 1189 1915 quem
1214 1848 1496 1913 postulem,
1532 1847 1683 1903 brevi

118 1934 464 2004 cognoscetis.
484 1939 520 1961 “
621 1934 754 1982 Nam
791 1930 880 1980 hic
934 1943 1013 1981 est
1049 1933 1105 1980 in
1145 1931 1464 2000 quibusdam
1503 1933 1678 1991 verbis

119 2018 379 2086 quaedam
418 2017 710 2067 similitudo
738 2033 845 2067 uon
869 2028 978 2067 tam
1007 2014 1292 2068 affectanda
1310 2055 1325 2075 ,
1377 2038 1535 2092 quam
1563 2019 1682 2070 illae

121 2104 448 2169 superiores,
526 2103 618 2152 sed
682 2114 858 2152 tamen
923 2101 1221 2152 adhibenda
1279 2121 1679 2173 nonnunquam,

122 2187 357 2236 Alterum
393 2204 555 2258 genus
592 2185 928 2243 huiusmodi:
993 2191 1230 2246 „Demus
1268 2206 1512 2256 operam,
1554 2191 1679 2255 Qui·

121 2274 278 2330 rites,
339 2287 415 2320 .·ne
463 2274 680 2322 omnino
724 2275 904 2322 Patres
959 2276 1256 2342 Conscripti
1302 2276 1683 2342 circumscripti

121 2367 390 2423 putentur.
409 2363 448 2388 “
547 2361 684 2407 Haec
732 2362 1097 2410 annominatio
1150 2360 1352 2408 ‘accedit
1396 2361 1562 2431 magis
1614 2360 1681 2417 ad¹

124 2441 569 2500 similitudinem,
610 2461 771 2511 quam
811 2447 1080 2517 superior3
1131 2446 1222 2494 sed
1256 2447 1458 2503 minus,
1524 2463 1683 2514 quam

123 2526 243 2575 illae
285 2530 610 2594 superiores:
672 2541 949 2596 propterea
991 2530 1138 2599 quod
1178 2547 1286 2579 non
1328 2529 1499 2580 solum
1536 2530 1681 2587 addi-

123 2623 237 2669 tae,
291 2613 383 2662 sed
418 2630 526 2662 uno
562 2624 798 2686 tempore
836 2615 1040 2664 demtae
1080 2632 1294 2684 quoque
1326 2615 1509 2664 literae
1541 2626 1680 2673 sunt,

126 2698 363 2746 Tertium
399 2714 563 2767 genus
604 2710 710 2757 est,
771 2701 917 2768 quod
954 2712 1191 2750 versatur
1216 2703 1271 2749 in
1300 2695 1512 2750 casuum
1544 2717 1679 2748 com·-

125 2784 449 2840 mutatione,
536 2795 631 2832 aut
692 2788 884 2843 unius,
965 2796 1055 2850 aut
1108 2786 1341 2852 plurium
1389 2787 1678 2836 nominum.
