1878 3198
206 251 330 308 Ἰιρι»
712 215 1288 295 φῙοΕΡιοΝῐε

329 403 382 452 5.
429 393 509 443 Ac
539 392 714 460 primo
757 392 973 461 quidem
1015 393 1093 442 sic
1129 402 1181 442 et
1213 403 1366 450 nata,
1418 378 1789 462 &3me

223 478 433 549 longius
472 477 776 546 eloquentia
813 477 1050 537 videtum
1089 488 1143 527 et
1179 476 1790 544 itemposteomaximio

221 565 280 614 in
316 559 475 615 rebus
510 564 658 630 pacis
695 573 748 612 et
779 560 908 612 belli
941 579 1061 613 cum
1099 563 1317 612 summis
1369 559 1649 637 homin'um
1677 556 1790 617 uti«-

223 648 463 699 litatibus
517 664 631 698 esse
676 659 901 699 versata.
1005 649 1294 716 Postquam
1342 663 1468 701 vero
1528 635 1788 712 calliditas

224 734 482 805 quaedam
499 768 515 791 ,
587 750 749 800 prava
795 734 1006 783 virtutis
1059 732 1315 782 imitatrix
1329 766 1344 788 ‚
1380 774 1383 778 .
1419 732 1532 782 sine
1575 732 1790 785 ,ratione

225 817 420 876 officii,
458 819 667 879 dicendi
703 819 912 885 copiam
938 827 1392 886 consequutaest:
1431 827 1544 867 tum
1573 817 1789 886 ingenio

223 902 361 967 freta
397 903 596 962 malitia
615 939 630 961 ‚
655 888 662 890 „
686 914 982 971 pervertere
1016 901 1205 960 urbes,
1254 913 1308 952 et
1343 903 1480 960 vitas
1515 899 1791 953 hominum

209 987 540 1041 *labefactare
592 991 838 1039 assuevit.
894 1007 898 1015 ²
940 975 1117 1057 Atque
1170 986 1328 1038 huius
1381 975 1621 1057 quoquot
1643 978 1813 1053 exer-⁷

188 1106 190 1109 v
223 1073 374 1127 dium
409 1074 567 1132 mali,
606 1075 861 1144 quoniam
896 1074 1218 1142 principium
1255 1071 1387 1123 boni
1410 1071 1668 1140 diximus,
1706 1087 1789 1120 ex-

222 1161 496 1230 plicemus.

332 1327 789 1386 verisimillimum
826 1329 959 1381 mihi
997 1331 1237 1390 videtur,
1289 1330 1526 1399 quodam
1552 1322 1792 1397 tempore

224 1436 397 1489 neque
435 1420 492 1468 in
530 1415 756 1484 puhlicis
795 1416 951 1467 rebus
992 1414 1220 1466 infantes
1257 1426 1309 1464 et
1344 1415 1652 1483 insipientes
1696 1411 1790 1484 hos

225 1507 393 1555 mines
444 1501 634 1553 solitos
684 1517 795 1551 esse
839 1503 1064 1560 versari,
1127 1518 1224 1550 nec
1272 1516 1397 1563 vero
1454 1501 1523 1570 ad
1558 1500 1791 1568 privatas

148 1622 153 1633 ι
225 1606 408 1640 causas
446 1603 666 1657 magnos
707 1603 768 1635 ac
804 1587 1030 1637 disertos
1079 1585 1321 1637 homines
1357 1585 1632 1645 accedere;
1696 1584 1789 1649 sed

225 1693 391 1745 quum
431 1692 461 1722 a
509 1672 732 1722 summis
768 1673 897 1722 viris
935 1673 1192 1721 maximae
1227 1688 1311 1720 res
1365 1671 1790 1740 administrarent

222 1773 341 1818 tur,
405 1757 635 1808 arbitror
673 1756 804 1807 alios
843 1755 1004 1807 fuisse
1056 1775 1164 1808 non
1205 1755 1483 1807 incallidos
1528 1754 1791 1813 homines,
1834 1748 1861 1761 ‘⁴

225 1848 321 1915 qui
358 1845 425 1895 ad
463 1859 650 1911 parvas
690 1845 1076 1893 controversias
1109 1843 1438 1910 privatorum
1469 1841 1790 1892 accederent«
1862 1902 1865 1907 1

224 1929 434 1998 Quibus
489 1931 545 1977 in
596 1929 970 1977 controversiis
1022 1945 1186 1997 quum
1239 1943 1394 1994 saepe
1443 1943 1472 1976 a
1516 1925 1792 1977 mendacio

226 2027 410 2066 contra
446 2010 908 2063 veru1n·homines
947 2024 1086 2062 stare
1113 2022 1541 2070 consuescerent,
1581 2011 1794 2063 dicendi

224 2100 509 2150 assiduitas
547 2097 683 2147 aluit
720 2098 1025 2156 audaciam,
1062 2109 1124 2149 ut
1161 2100 1455 2148 necessario
1494 2098 1791 2165 superiores

224 2185 306 2235 illi
341 2195 557 2252 propter
593 2184 814 2234 iniurias
853 2184 1050 2233 civium
1085 2187 1334 2234 resistere
1381 2181 1700 2242 audacibus,
1739 2193 1794 2232 et

225 2270 479 2338 opitulari
518 2270 629 2318 suis
670 2270 897 2338 quisque
935 2271 1239 2319 necessariis
1287 2279 1618 2340 cogerentur.
1689 2267 1792 2318 Ita·

225 2374 328 2426 que
352 2373 518 2424 quum
544 2355 601 2403 in
625 2354 848 2404 dicendo
877 2370 1032 2421 saepe
1056 2371 1181 2421 par,
1223 2371 1605 2423 nonnunquam
1631 2353 1792 2403 etiam

227 2443 467 2508 superior
502 2442 647 2491 visus
677 2451 812 2490 esset
847 2441 921 2498 is,
973 2442 1096 2508 qui,
1155 2441 1353 2489 omisso
1381 2439 1561 2489 studio
1589 2439 1792 2505 sapien-

226 2527 365 2584 tiae,
439 2524 571 2574 nihil
623 2525 729 2575 sibi
765 2537 972 2592 praeter
1017 2524 1376 2593 eloquentiam
1417 2534 1790 2590 comparasset,
1864 2517 1867 2521 ”

227 2608 421 2670 fiebat,
486 2623 548 2660 ut
598 2622 649 2660 et
698 2611 1057 2661 multitudinis
1106 2622 1157 2659 et
1195 2627 1293 2660 suo
1331 2609 1531 2659 iudicio
1579 2608 1790 2678 dignus,

227 2698 321 2766 qui
348 2695 724 2763 rempublicam
752 2707 983 2766 gereret,
1021 2696 1303 2745 videretur.
1378 2696 1513 2743 Hinc
1538 2694 1792 2742 nimirum

227 2797 335 2831 non
361 2781 552 2830 iniuria
571 2817 586 2839 ,
626 2800 788 2851 quum
818 2782 884 2831 ad
910 2779 1263 2852 gubernacula
1290 2777 1609 2846 reipublicae
1634 2788 1790 2826 teme·
