1924 3224
259 239 328 290 9⁰
583 205 1434 295 nnnroatcoruum

258 382 530 432 sedataet
567 382 813 450 depressa
864 400 994 435 voce
1042 384 1306 451 principia
1354 382 1608 435 dicemus.
1656 386 1827 438 :Nam
1874 405 1876 407 ·

255 466 539 517 laeduntur
575 472 829 528 arteriae,
867 471 943 527 si,
983 480 1267 538 antequam
1303 467 1410 518 leni
1446 485 1583 521 voce.
1599 470 1826 538 permul-

254 569 343 603 sae
381 566 531 612 sunt,
572 556 680 605 acri
719 553 948 604 clamore
986 554 1364 622 compleantur.
1438 557 1623 606 Etiam·
1643 559 1825 607 inter·

253 638 405 690 vallis
456 638 789 710 longioribus
841 641 923 689 uti
969 641 1278 699 conveniet;
1353 651 1621 691 recreatur
1685 636 1841 693 enim*

253 741 356 775 vox
394 727 618 792 spiritu,
660 735 713 774 et
749 726 972 774 arteriae
1008 725 1278 775 reticendo
1300 722 1679 796 acquiescunt.
1754 728 1824 777 Et

253 811 568 868 continuum
619 810 901 887 clamorem
938 812 1235 868 remittere,
1309 822 1360 860 et
1408 811 1476 862 ad
1527 828 1825 863 sermonem

250 898 477 953 transire
539 907 777 963 oportet:
873 898 1316 949 commutationes
1381 899 1521 947 enim
1585 896 1823 960 faciunt,

251 993 325 1033 ut(
347 980 494 1037 nullo
535 998 723 1053 genere
760 983 908 1033 vocis
944 979 1143 1040 effuso,
1187 983 1244 1030 in
1283 984 1431 1036 omani
1466 999 1597 1035 voce
1627 986 1825 1056 integri

251 1067 436 1125 simus:
511 1070 583 1118 Et
620 1079 800 1116 acutas
834 1069 980 1119 vocis
1020 1066 1421 1118 exclamationes
1462 1069 1822 1122 vitaredehe-

252 1170 386 1202 mus.
459 1154 602 1205 Ictus
643 1154 783 1202 enim
821 1150 916 1212 fit,
975 1165 1028 1203 et
1064 1153 1254 1204 vulnus
1293 1155 1516 1208 arteriae
1554 1167 1710 1206 acuta
1734 1167 1822 1208 ⁸at·

251 1256 354 1308 que
392 1249 663 1287 attenuata
700 1240 859 1287 nimis
896 1237 1292 1297 acclamatione,
1329 1251 1381 1289 et
1417 1242 1463 1290 si
1501 1243 1636 1310 qui&
1653 1241 1823 1309 splen-

251 1324 353 1374 dor
391 1335 472 1373 est
507 1325 706 1382 vocis,-
739 1325 1069 1373 consumitur
1107 1342 1214 1374 uno
1255 1324 1483 1375 clamore
1522 1329 1821 1379 universus-¹

246 1412 317 1461 Et
354 1424 462 1460 uno
502 1410 693 1476 spiritu
742 1411 1074 1458 continenter
1124 1409 1295 1461 multa
1352 1411 1526 1463 dicere
1563 1413 1620 1461 in
1657 1424 1823 1464 extre-

250 1514 337 1545 ma
385 1496 636 1551 convenit
684 1496 958 1553 oratione3
1021 1491 1197 1553 fauces
1224 1497 1375 1567 *euim
1416 1494 1710 1557 calefiunt,
1770 1508 1824 1568 et

251 1584 472 1631 arteriae
511 1579 868 1647 complentur,
931 1591 983 1629 et
1021 1597 1151 1639 vox,
1215 1599 1352 1650 quae
1401 1584 1545 1634 varie
1594 1593 1822 1646 tractata

252 1680 362 1726 est,
425 1667 697 1717 reducitur
734 1666 791 1714 in
841 1665 1105 1734 quendam
1144 1684 1336 1732 sonum
1375 1667 1714 1738 aequabilem'
1738 1679 1822 1719 at·

250 1770 355 1822 que
380 1763 724 1803 constantem.
803 1751 966 1818 Saepe
1004 1768 1180 1800 rerum
1218 1763 1437 1802 naturae
1465 1755 1639 1824 gratia.
1664 1769 1834 1822 quae-c

252 1838 374 1890 dam
412 1840 526 1887 iure
568 1836 841 1895 debetur,
877 1835 1022 1886 velut
1060 1837 1252 1886 accidit
1289 1840 1345 1887 in
1380 1837 1481 1887 hac
1517 1855 1591 1887 re.
1679 1839 1815 1889 Nam

250 1941 386 1993 quae
424 1923 652 1973 diximus
702 1922 771 1970 ad
806 1937 990 1972 vocem
1029 1923 1341 1972 selvandam
1388 1922 1672 1998 prodesse,
1734 1939 1815 1976 ca·

250 2009 369 2059 dem
409 2009 635 2057 attinent
673 2007 740 2056 ad
777 2007 1299 2057 suavitudinem
1337 2007 1814 2083 prouumhuoniS,

252 2107 340 2153 ut,
394 2094 540 2163 quod
577 2104 788 2142 nostrae
824 2095 946 2143 voci
979 2095 1179 2159 prosit,
1232 2094 1373 2144 idem
1414 2093 1688 2161 voluptate
1719 2110 1819 2144 aau-

252 2181 443 2231 ditoiis
483 2177 754 2247 probetur.
829 2178 971 2229 Utile
1010 2190 1090 2228 est
1123 2178 1190 2228 ad
1226 2177 1614 2235 firmitudinem
1639 2179 1819 2231 sedata

252 2284 352 2315 vox
391 2268 445 2314 in
483 2265 762 2332 principio.
862 2263 1006 2329 Quid
1054 2266 1357 2323 insuavius,
1421 2282 1580 2334 quam
1620 2264 1819 2316 clamor

252 2351 307 2399 in
349 2350 567 2400 exordio
626 2348 850 2399 causae?
887 2349 1190 2413 „Intervalla
1238 2366 1421 2400 vocem
1469 2346 1818 2406 confirmantt

253 2434 436 2488 eadem
488 2436 776 2486 sententias
827 2434 1195 2502 concinnior-es
1265 2434 1525 2504 divisione
1571 2434 1820 2493 reddunt,

254 2532 309 2571 et
346 2520 582 2570 auditori
618 2522 848 2587 spatium
887 2519 1156 2590 cogitandi
1190 2519 1514 2588 relinquunt.
1600 2518 1820 2579 Con-ser.-

256 2618 342 2656 vat
381 2623 567 2659 vocem
604 2606 845 2655 continui
882 2604 1128 2659 clamoris
1181 2605 1458 2664 remissio;
1522 2614 1575 2653 et
1612 2603 1821 2657 audito·

255 2708 363 2741 rem
403 2691 618 2760 quidem
657 2692 883 2742 varietas
921 2691 1146 2740 maxime
1185 2689 1441 2747 delectat,
1509 2706 1677 2757 quum
1717 2704 1819 2738 ser·

259 2792 415 2826 mone
450 2778 686 2825 animum
721 2776 847 2829 eius,
871 2776 1084 2834 retinet,
1123 2786 1216 2825 aut
1252 2775 1536 2826 exsuscitat
1573 2772 1816 2823 clamore.
