1924 3224
532 199 971 257 CAPRUT
1088 201 1133 243 1.
1515 199 1661 251 an

95 362 250 419 dum
303 360 399 420 est
443 360 796 439 praecipue,
840 375 1182 439 utrumque
1227 361 1517 421 attulisse
1565 344 1658 420 di-

95 491 298 534 ctum:
374 475 542 532 Nihil
600 477 873 557 lacryma
929 479 1099 533 cicius
1163 481 1406 548 arescit,
1482 480 1656 556 quod

92 590 560 658 Herennianus,
606 604 856 648 auctore
909 612 1044 649 non
1083 593 1462 664 nominatO,
1511 615 1656 671 pro-

89 703 247 776 fert,
297 705 513 763 Cicero
562 719 774 762 autern
824 706 1066 764 rhetori
1103 707 1459 785 Apollonio
1505 712 1655 766 Mo-

88 819 230 877 loni
261 819 502 876 tribuit.

216 934 512 1012 Denique
557 934 628 991 in
673 955 899 1013 genere
953 934 1367 994 deliberativo
1426 957 1494 995 ac
1550 937 1654 995 de-

84 1049 508 1106 monstrativo
557 1049 772 1106 Cicero
819 1049 894 1105 de
923 1053 1080 1105 ''Inv.
1116 1054 1193 1108 II.
1232 1068 1306 1119 51
1336 1069 1477 1128 —59.
1521 1050 1654 1110 fere

81 1163 336 1222 brevior
367 1179 461 1222 est
487 1162 900 1220 Herenniano
932 1165 1047 1219 ΙΙΙ.
1085 1184 1115 1220 2
1142 1197 1163 1205 -
1180 1185 1240 1238 9.
1658 1159 1662 1165 ’

213 1284 346 1336 Iam
408 1279 462 1335 si
523 1292 886 1354 quaeratur,
957 1278 1129 1334 unde
1189 1293 1323 1335 orta
1384 1279 1468 1337 sit
1512 1279 1648 1354 illa,

84 1414 242 1471 quae
301 1391 470 1450 inter
511 1391 836 1449 Ciceronis
879 1405 940 1447 et
995 1392 1396 1451 Herenniani
1446 1394 1649 1454 libros

79 1507 420 1583 intercedit
457 1505 849 1575 similitude,
899 1505 1130 1562 dixerit
1171 1505 1441 1565 fortasse
1471 1509 1647 1586 quis-

77 1620 283 1698 piam,
343 1621 507 1677 hanc
564 1640 697 1678 esse
752 1623 986 1677 Graeco
1045 1620 1295 1678 cuidam
1353 1622 1649 1700 scriptori

76 1734 513 1802 tribuendam,
589 1754 778 1811 quem
831 1748 1115 1812 uterque.
1166 1751 1471 1814 sequutus
1527 1738 1644 1807 sit3

77 1870 127 1906 e.
174 1870 224 1906 c.
282 1854 743 1928 Hermagorae,
804 1849 982 1906 cuius
1029 1848 1182 1906 libri
1238 1849 1312 1907 ab
1378 1866 1648 1929 utroque

79 1961 383 2040 scriptore
441 1963 806 2020 laudantur.
939 1967 1175 2020 Verum
1236 1986 1362 2043 quo
1426 1965 1645 2025 minus

74 2078 222 2133 haec
264 2075 453 2134 nobis
493 2077 654 2134 ratio
704 2074 1083 2148 satisfaciat,
1133 2077 1343 2135 obstat
1382 2079 1644 2156 potissi-

74 2209 253 2246 mum
293 2191 475 2248 locus
506 2191 620 2247 ille
649 2190 1007 2261 Plautinus,
1043 2211 1230 2268 quem
1271 2208 1497 2250 neuter
1522 2215 1638 2271 po-

74 2303 202 2360 tuit
233 2325 310 2361 ex
335 2309 756 2384 Hermagorae
788 2304 955 2363 libro
987 2324 1264 2377 sumere,
1312 2321 1374 2364 et
1409 2306 1478 2364 in
1510 2328 1639 2385 quo

73 2419 587 2495 reprehendendo
621 2433 883 2497 uterque
910 2421 1133 2478 eodem
1158 2421 1351 2478 modo
1372 2423 1638 2487 erravit;

74 2533 246 2608 quod
276 2553 426 2590 sane
465 2531 575 2589 vix
619 2531 762 2590 fieri
812 2535 1055 2611 potuit,
1102 2535 1233 2594 nisi
1271 2533 1427 2592 alter
1471 2550 1638 2594 esset

75 2645 148 2701 ab
209 2647 408 2706 altero
455 2646 528 2703 in
587 2668 862 2705 errorem
917 2650 1242 2706 inductUS.
1375 2649 1639 2707 Accedit

75 2759 276 2835 quod,
355 2761 409 2818 si
469 2768 738 2839 uterque
789 2768 1097 2823 Graecum
1152 2763 1392 2820 librum
1434 2764 1637 2821 latine

79 2894 89 2913 κ
117 2879 200 2917 Cic.
228 2879 406 2917 Rhetor.
460 2882 549 2919 Vol.
574 2885 612 2920 Ι.
1518 2862 1554 2916 'b
