1878 3198
304 209 967 290 RHnToR1c⁵oRUM
1012 245 1188 291 Lm.
1238 248 1286 302 1.
1338 253 1417 301 54.
1547 260 1648 310 235

94 405 331 475 quinque
365 406 678 472 eiuspartes
707 422 816 455 esse
847 405 1119 462 dixerunt,
1158 407 1352 472 partim
1378 405 1648 473 nou-plu‘s,

95 508 254 560 quam
304 492 359 539 in
406 501 512 539 tres
565 502 737 557 partes
784 508 940 558 posse
1001 488 1253 540 distribui
1310 503 1649 559 putaverunt.

92 577 294 626 Eorum
355 578 767 626 controversiam
828 593 935 626 non
994 577 1392 627 incommodum
1441 578 1651 628 videtur

94 677 216 709 cum
253 671 600 730 utrorumque
638 663 844 711 ratione
878 677 1148 728 exponere.
1236 663 1368 711 Nam
1397 675 1447 712 et
1469 661 1652 712 brevis

92 757 175 794 est
191 781 207 803 ‚
265 758 317 795 et
341 764 449 796 non
475 747 765 804 eiusmodi,
815 762 877 797 ut
901 747 1052 797 alteri
1078 765 1292 814 prorsus
1319 746 1453 796 nihil
1478 749 1651 797 dicere

89 843 373 897 putentur,
427 843 479 880 et
504 831 651 882 locus
675 831 764 881 hic
789 831 943 882 nobis
981 834 1039 880 in
1067 833 1291 883 dicendo
1325 834 1541 884 minime
1564 849 1651 882 ne-

91 916 368 987 gligendus
409 902 637 968 videtur.
1637 914 1641 924 ⁵

200 1002 307 1068 Qui
344 1014 535 1069 putant
578 1004 634 1050 in
684 1004 918 1072 quinque
963 1001 1132 1052 tribui
1167 1014 1342 1070 partes
1386 1012 1649 1069 oportere,

68 1088 268 1145 aiunt,
329 1089 559 1155 primum
596 1091 872 1140 convenire
914 1106 1168 1155 exponere
1203 1105 1460 1137 summam
1502 1103 1653 1156 argu-

88 1172 464 1230 mentationis,
507 1173 574 1222 ad
601 1171 740 1222 hunc
765 1174 1011 1224 modum:
1051 1209 1085 1231 ,‚
1103 1173 1291 1222 Melius
1321 1183 1649 1228 accurantur,

88 1274 226 1325 quae
254 1256 473 1306 consilio
499 1270 782 1328 geruntur,
832 1277 992 1327 quam
1021 1275 1155 1326 quae
1180 1259 1291 1307 sine
1317 1249 1545 1306 consilio¹
1563 1255 1651 1305 ad·

88 1343 524 1392 ministrantur.“
620 1346 765 1392 Hanc
810 1346 1035 1412 primam
1084 1355 1286 1411 partem
1338 1351 1650 1399 numerant;

88 1443 204 1476 eam
243 1427 485 1494 deinceps
524 1428 825 1478 rationibus
853 1431 1043 1486 variis,
1085 1440 1135 1477 et
1199 1446 1321 1476 uam
1349 1426 1649 1494 copiosissi-

88 1514 189 1562 mis
222 1512 395 1563 verhis
433 1513 715 1580 approbari
751 1526 944 1581 putant
981 1524 1137 1579 oport
1235 1549 1250 1571 ,
1310 1511 1415 1562 hoc
1453 1511 1648 1560 modo:

88 1601 332 1657 „Domus
368 1615 457 1655 ea,
511 1616 645 1667 quae
676 1602 882 1648 ratione
916 1600 1145 1669 regitur,
1187 1596 1432 1647 omnibus
1459 1598 1648 1644 instru-

89 1685 222 1733 ctior
257 1695 337 1733 est
370 1681 558 1742 rebus,
611 1695 663 1733 et
697 1686 1024 1751 apparatior,
1072 1702 1233 1752 quam
1265 1701 1354 1740 ea,
1407 1698 1541 1751 quae
1576 1691 1649 1729 te-

87 1786 228 1818 mere
258 1781 311 1818 et
337 1768 482 1818 nullo
525 1769 745 1819 consilio
779 1770 1196 1819 administratur.
1271 1769 1545 1818 Exercitus
1582 1766 1646 1823 is,

89 1856 175 1905 cui
219 1856 549 1921 praepositus
603 1865 685 1904 est
734 1856 940 1921 sapiens
978 1866 1032 1905 et
1080 1853 1299 1903 callidus
1338 1855 1645 1919 imperator,

87 1938 334 1990 omuibus
382 1937 623 2005 partibus
680 1941 1008 1990 commodius
1059 1941 1289 2009 regitur,
1366 1955 1524 2005 quam
1579 1939 1643 1994 is,

87 2026 184 2095 qui
235 2024 459 2074 stultitia
513 2035 573 2084 et,
610 2026 907 2073 temeritate
954 2024 1175 2073 alicuius
1225 2024 1643 2073 administratur.

84 2111 284 2165 Eadem
310 2110 507 2179 navigii
523 2109 674 2158 ratio
696 2120 794 2159 est.
866 2110 1000 2158 Nam
1031 2111 1179 2160 navis
1207 2109 1407 2174 optime
1433 2123 1645 2154 cursum

89 2183 311 2246 conficit
346 2211 436 2252 ea,
477 2211 611 2263 quae
635 2196 984 2245 scientissimo
1028 2193 1376 2264 gubernatore
1415 2193 1645 2240 utitur.“

88 2282 270 2347 Quum
305 2281 601 2346 propositio
640 2281 711 2329 sit
741 2278 842 2329 hoc
865 2292 1021 2347 pacto
1051 2277 1370 2346 approbata,
1424 2287 1478 2325 et
1510 2275 1644 2325 duae

84 2378 261 2433 partes
304 2366 608 2413 transierint
651 2356 1106 2423 ratiocinationis,
1180 2364 1334 2412 tertia
1388 2362 1445 2409 in
1493 2372 1644 2427 parte

88 2452 238 2500 aiunt
254 2486 268 2508 ‚
321 2449 469 2519 quod
499 2450 770 2499 ostendere
795 2450 919 2501 velis
938 2442 971 2508 ‚¹
1008 2450 1065 2500 id
1091 2467 1151 2499 ex
1175 2450 1229 2500 vi
1256 2446 1641 2515 propositionis

88 2547 334 2602 oportere
394 2551 682 2593 assumere,
758 2534 861 2585 hoc
923 2545 1106 2601 pacto:
1210 2530 1406 2591 „Nihil
1465 2541 1642 2580 autem

89 2621 326 2670 omnium
363 2637 538 2669 rerum
571 2620 790 2678 melius,
841 2638 1000 2689 quam
1040 2619 1207 2669 omnis
1244 2617 1501 2674 munduS,
1553 2615 1641 2664 ad·

91 2706 436 2755 ministratur.
455 2713 490 2736 ‘⁶
584 2707 754 2756 Huius
805 2705 1143 2754 assumtionis
1193 2714 1383 2772 quarto
1430 2703 1486 2750 in
1519 2699 1640 2749 loco

92 2787 247 2841 aliam
294 2808 453 2857 porro
489 2790 746 2841 inducunt
783 2788 1250 2859 approbationem,
1314 2785 1418 2838 hoc
1443 2785 1637 2836 modo:
