1878 3198
244 147 247 150 y
405 106 422 131 l

240 166 265 188 ἡ

0 251 31 293 5·
178 256 611 304 RHE'TORIG.
652 259 755 302 DE
801 259 1131 310 INVENT.
1190 263 1227 304 I.
1276 253 1347 314 5'7.
1391 268 1463 317 58.
1558 276 1650 326 132

1426 356 1431 372 .

35 375 210 460 mnere·
239 413 293 459 id
307 447 320 466 ,
373 415 506 476 quod
553 416 787 476 pertineat
827 415 884 472 ad
929 415 1277 461 ostendendum
1322 433 1382 461 ex
1430 420 1650 479 proposi·

21 520 53 563 ſs*
83 501 215 545 tione
229 533 243 551 ‚
296 495 470 560 quaero
486 532 500 551 ,
552 500 671 560 quid
704 495 811 546 'hoc
868 499 951 550 sit,
1009 501 1067 545 ad
1119 502 1251 561 quod
1303 504 1648 549 ostendendum

24 599 26 619 1
78 586 312 630 referatur
367 586 595 631 assumtio
661 585 961 646 syllogismi.
1038 582 1191 647 Supra
1247 604 1285 633 c.
1341 597 1411 647 54.
1476 591 1647 635 Cicero

79 671 413 721 affirmaverat,
452 671 507 715 in
540 672 828 719 assumtione
842 704 855 722 ,
891 672 1020 733 quod
1051 657 1298 718 ostendere
1329 675 1449 720 velis
1461 708 1473 725 ‚
1505 675 1558 719 id
1592 693 1649 720 ex
1681 671 1683 673 ¹

4 783 14 798 ι
74 757 132 802 'vi
161 757 511 818 propositionis
543 770 764 817 oportere
795 773 1041 802 assumere.
1112 761 1220 803 Hoc
1249 758 1380 818 idem
1410 776 1539 804 nune
1568 760 1645 805 his

75 842 237 890 verbis
268 843 583 903 exprimitur:
626 860 656 903 q
674 834 795 888 uod
837 859 908 887 ex
947 859 1147 904 propo
1165 844 1407 890 sitione
1439 863 1502 891 os
1521 847 1645 891 te‘n·

75 929 106 974 d
124 929 347 974 endum
373 932 668 989 pertinet,
709 928 742 973 i.
770 946 807 973 e.
851 929 1052 990 pendet,
1085 931 1327 991 sequitu1·;
1361 947 1468 982 seu,
1514 934 1644 993 quod

75 1013 243 1077 pon-o*
266 1032 324 1058 ex
365 1015 421 1060 vi
462 1014 818 1076 propositionis
862 1015 1166 1080 probandum
1212 1029 1293 1060 est.
1365 1017 1413 1082 D
1429 1034 1451 1060 e
1467 1022 1504 1060 r‘
1536 1019 1644 1062 Un-

74 1114 306 1145 tersatz
349 1101 438 1144 ist
487 1100 828 1160 derjenige
871 1104 1035 1152 Satz,
1090 1102 1198 1145 der
1237 1102 1499 1163 zufolge
1538 1103 1638 1147 des

75 1185 453 1231 Obersatzes
500 1186 635 1243 ‚und
704 1186 770 1228 in
843 1187 887 1232 V
905 1185 1263 1248 erbindung
1324 1187 1439 1232 mit
1509 1188 1640 1234 ihm

71 1288 197 1316 nun
239 1272 470 1318 weiter
510 1277 585 1315 z'u
626 1270 951 1317 beweisen
992 1273 1109 1318 ist.

155 1373 265 1430 Pag.
289 1378 394 1425 240.
427 1387 475 1416 v.
507 1382 577 1425 25.
638 1371 805 1431 quod
844 1370 910 1415 in
956 1372 1409 1418 controversia
1450 1377 1540 1417 est
1580 1397 1638 1411 ·--

69 1459 197 1502 Haec
226 1456 398 1506 verba,
430 1456 541 1516 quia
570 1454 741 1500 'absunt
771 1454 827 1499 ab
861 1472 958 1500 uno
987 1458 1092 1502 cod.
1117 1457 1473 1518 Oudendorpii,
1506 1459 1640 1523 equi«

69 1542 177 1587 dem
205 1541 331 1585 haud
363 1539 716 1590 damnaverim,
761 1553 815 1584 ut
844 1543 1069 1586 Ernestio
1101 1542 1297 1602 placuit.
1356 1546 1505 1594 Nam,
1539 1544 1634 1589 hoc

67 1628 271 1678 omisso,
318 1642 419 1670 non
460 1626 622 1670 statim
663 1626 980 1686 intelligitur,
1026 1641 1191 1672 utrum
1233 1628 1463 1688 bipertita
1498 1644 1634 1688 argu-

65 1701 296 1758 mentatio
327 1713 386 1756 ed
416 1711 622 1757 dubium
651 1727 830 1771 genus,
879 1729 939 1755 an
976 1713 1038 1757 ad
1067 1727 1252 1758 certum
1281 1714 1530 1774 pertineat.

72 1834 95 1885 1&
152 1815 382 1873 Pag.2s4o.
412 1819 630 1865 v.24.25.
686 1810 854 1854 Dein
898 1827 964 1855 ex
1007 1829 1123 1856 una
1165 1829 1412 1872 quoque
1455 1826 1630 1874 parte

66 1903 282 1959 potest
327 1897 531 1941 alicui
583 1896 802 1947 videri
856 1898 1212 1942 consistere
1253 1923 1311 1934 --
1378 1898 1524 1959 Vulg.
1564 1898 1630 1942 de

63 2002 199 2053 una(
251 1999 503 2045 quoque
580 1993 756 2042 parte
823 1995 1048 2042 potest
1130 1983 1333 2028 alicui
1409 1967 1627 2030 videri

0 2058 7 2064 .
62 2086 248 2130 posse
304 2067 692 2114 consistere.
764 2067 1029 2113 Lambinus
1071 2069 1247 2130 partim
1290 2086 1314 2113 e
1346 2069 1476 2118 cod„
1522 2085 1626 2129 par-

61 2157 150 2201 tim
194 2172 219 2199 e
264 2154 535 2199 coniectura
587 2153 762 2197 edidit:
826 2156 912 2196 Ex
964 2171 1084 2198 una
1140 2170 1392 2214 quoque
1446 2167 1625 2214 parte

61 2240 282 2286 videri
321 2252 544 2300 potest
585 2237 790 2282 alicui
833 2252 1153 2283 constare.
1214 2239 1305 2283 Sed
1352 2239 1463 2299 quia
1500 2254 1630 2283 con-

60 2339 228 2370 stare
266 2325 424 2369 statim
459 2323 555 2367 alio
588 2339 728 2372 sensu
759 2325 1006 2374 occurrit„
1045 2325 1209 2370 verius
1241 2337 1330 2373 est,
1378 2324 1624 2385 antiquam

58 2409 314 2456 lectionem
355 2425 379 2454 c
395 2425 423 2454 o
438 2426 470 2452 n
487 2425 507 2454 s
518 2410 539 2453 i
550 2425 569 2454 s
583 2421 601 2453 t
614 2426 637 2452 e
651 2425 677 2452 r
690 2426 715 2453 e
757 2408 840 2454 hic
871 2425 1071 2454 servare.

561 2596 713 2656 cap.
768 2595 1124 2642 xxxvtn.

44 2736 65 2763 't
114 2725 538 2784 .1³ag.241.v.12.
599 2723 843 2784 scripta
899 2723 1110 2782 legum
1167 2720 1377 2766 omnia
1416 2743 1475 2756 ·-—-
1549 2725 1625 2765 In-

57 2806 183 2852 ser'ui
223 2807 239 2851 l
257 2826 279 2852 e
295 2825 326 2868 g
341 2826 373 2853 u
387 2825 434 2851 m
450 2840 462 2857 ,
535 2808 646 2868 quia
700 2808 846 2853 nimis
900 2807 1152 2851 infinitum
1205 2818 1323 2851 esset
1376 2821 1395 2850 s
1411 2822 1434 2850 e
1448 2806 1547 2867 rip
1565 2818 1582 2849 t
1597 2823 1619 2848 a
