1878 3198
312 83 339 107 Ο

198 250 300 298 AD
338 245 840 293 HERENNIUM
897 244 1058 289 LIB.
1100 245 1198 292 IV.
1242 250 1326 300 47.
1376 248 1464 298 48.
1557 245 1657 311 169

85 400 149 463 est
183 393 319 462 cum·
341 425 538 471 corona
579 424 766 466 aurea,
817 406 1024 476 magnis
1070 402 1401 475 fulgentibus
1438 403 1658 475 gemmis

84 497 414 553 illuminata,
456 491 715 543 citharam
751 504 935 564 tenens
974 491 1462 549 exornatissimam,
1529 505 1660 539 auro

89 591 143 632 et
179 581 339 632 ebore
377 581 716 636 distinctam,
755 580 870 645 ipse
903 588 1175 644 praeterea
1199 573 1374 626 forma
1399 586 1453 624 et
1489 575 1662 642 specie

89 670 162 718 sit
210 679 262 716 et
299 678 503 716 statura
556 666 798 732 apposita
835 662 903 712 ad
953 661 1298 732 dignitatem3
1361 662 1436 719 si,
1498 677 1664 729 quum

90 769 337 823 maguam
374 750 573 818 populo
611 748 960 800 commoverit
1000 744 1086 796 his
1123 745 1282 795 rebus
1322 747 1666 813 exspectatio·

89 855 238 894 nem,
289 848 504 903 repente
530 836 742 886 silentio
769 831 946 890 facto,
986 849 1171 884 vocem
1212 834 1420 882 emittat
1444 828 1666 880 acerbis-

91 923 282 972 simam
321 939 441 970 cum
477 923 790 989 turpissimo
832 919 1069 985 corporis
1108 928 1291 976 motu;
1331 933 1438 986 quo
1474 916 1665 965 melius

93 1019 312 1058 ornatus
352 1018 405 1056 et
441 1008 611 1078 magis
650 1004 814 1055 fuerit
851 1012 1209 1070 exspectatus,
1279 1019 1340 1052 eo
1378 1003 1545 1071 magis
1581 1002 1667 1051 de—

91 1095 231 1142 risus
266 1104 318 1142 et
357 1103 690 1148 contemtus,
732 1091 973 1139 eiicitur:
1014 1091 1088 1137 ita
1127 1089 1174 1137 si
1211 1088 1331 1156 quis
1371 1088 1429 1135 in
1466 1085 1668 1135 excelso

91 1177 240 1237 loco,
293 1190 347 1228 et
395 1179 452 1227 in
488 1179 696 1248 magnis
736 1193 797 1225 ac
844 1172 1201 1242 locupletibus
1242 1173 1408 1240 copiis
1448 1170 1669 1220 colloca⁴⁶

94 1274 212 1321 tus,
275 1261 524 1313 fortunae
578 1261 919 1319 muneribus,
995 1271 1049 1308 et
1104 1269 1324 1307 naturae
1377 1257 1672 1307 commodis

95 1347 347 1399 omnibus
397 1347 723 1407 abundabit3
775 1349 822 1395 si
860 1347 1109 1403 virtutis,
1162 1355 1216 1393 et
1251 1344 1480 1401 artium,
1535 1359 1672 1412 quae

94 1435 312 1486 'virtutis
350 1435 634 1504 magistrae
672 1443 826 1490 sunt,
876 1430 1086 1502 ‘egebit3
1127 1447 1236 1499 quo
1274 1430 1442 1499 magis
1483 1428 1671 1476 ceteris

93 1517 255 1568 rebus
308 1520 553 1585 copiosus
605 1519 735 1575 erit,
795 1528 850 1565 et
883 1517 1134 1574 illustriS,
1201 1532 1264 1565 eo
1303 1513 1670 1580 vehementius

97 1603 304 1653 derisus
345 1614 398 1652 et
443 1614 772 1660 contemtus,
814 1619 876 1650 ex
916 1588 1064 1651 omni
1103 1612 1369 1651 conventu
1405 1598 1672 1648 bonorum

98 1689 400 1736 eiicietur.“
486 1689 598 1736 Hoc
634 1686 837 1745 simile,
879 1687 1223 1737 exornatione
1259 1687 1541 1753 utriusque
1574 1684 1672 1743 rei,

98 1783 151 1822 et
189 1772 404 1822 alterius
443 1773 663 1822 inertiae
701 1770 955 1830 artificis,
998 1771 1217 1820 alterius
1255 1769 1485 1819 stultitia
1514 1768 1676 1818 simili

0 1860 75 1958 ff,
95 1861 307 1910 ratione
345 1857 564 1916 collata,
625 1857 723 1908 sub
764 1868 1035 1925 aspectum
1074 1858 1313 1906 omnium
1350 1872 1463 1904 rem
1500 1853 1673 1903 subie·-'
1707 1861 1713 1901 ἶ

18 1931 191 1995 v<³⁷'cit.
263 1945 479 1994 Dictum
518 1955 695 1993 autem
734 1956 813 1993 est
834 1960 928 2009 per
963 1941 1334 1998 collationem,
1372 1950 1676 2007 propterea,

99 2029 249 2098 quod
306 2030 584 2097 proposita
652 2028 1034 2087 similitudine,
1116 2027 1268 2094 paria
1321 2036 1448 2075 sunt
1496 2016 1674 2074 omnia

14 2138 67 2174 22
100 2113 282 2164 relata.

212 2210 296 2263 43.
335 2201 399 2249 In
435 2197 700 2250 similibus
740 2198 1021 2252 observare
1062 2196 1334 2267 oportebit
1371 2196 1678 2268 diligenter,

104 2297 193 2345 ut,
233 2302 402 2354 quum
437 2301 550 2334 rem
589 2282 867 2344 afferamus
905 2284 1135 2336 similem
1159 2321 1174 2344 ,
1215 2286 1365 2333 cuius
1402 2284 1482 2331 rei
1521 2298 1677 2331 causa

105 2369 513 2420 similitudinem
552 2371 918 2430 attulerimus,
971 2370 1132 2422 verba
1171 2385 1386 2440 quoque
1426 2367 1495 2418 ad
1530 2368 1674 2417 simi-

103 2455 390 2506 litudinem
426 2454 714 2507 habeamus
753 2457 1169 2508 accommodata.
1256 2454 1318 2504 Id
1366 2464 1446 2503 est
1488 2452 1676 2502 huius-

105 2542 284 2592 modi:
362 2544 486 2601 „Ut
534 2539 849 2592 hirundines
913 2545 1117 2593 aestivo
1177 2551 1414 2607 tempore
1464 2549 1676 2606 praesto

107 2638 263 2684 sunt,
303 2624 500 2698 frigore
536 2627 719 2694 pulsae
754 2630 1023 2679 recedunt.
1066 2664 1078 2677 .
1122 2663 1134 2675 .
1160 2633 1198 2656 ‘⁶
1269 2629 1349 2676 Ex
1390 2625 1572 2675 eadem
1611 2626 1679 2673 si-

107 2711 410 2762 militudine
447 2731 588 2762 nunc
623 2731 717 2781 per
752 2715 1154 2764 translationem
1191 2710 1352 2763 verba
1387 2712 1678 2760 sumimus:

111 2798 240 2854 „Ita
278 2795 403 2848 falsi
440 2801 599 2849 amici
635 2816 820 2851 sereno
854 2803 994 2852 vitae
1020 2811 1258 2866 tempore
1285 2808 1498 2865 praesto
1529 2804 1678 2853 sunt3
1732 2859 1733 2866 ἵ
