1924 3224
1102 39 1104 41 >
1129 38 1153 47 .-

1399 62 1413 83 x
1440 95 1443 97 .

1415 168 1417 171 ’
1492 179 1494 186 0
1656 170 1691 196 α

267 240 462 277 με,
626 199 1503 270 ΕΗΕΤοκιοοΒοΜ’

261 385 377 435 Hoc
409 383 576 456 igitur
610 384 786 452 ipsum
821 385 1112 435 maximum
1148 364 1438 447 artificium
1475 399 1558 441 est
1569 404 1598 451 ,‘
1624 387 1685 443 in
1717 401 1833 444 arte
1867 384 1870 387 ⁵

260 486 360 523 sua
392 485 550 539 posse
586 480 638 519 et
675 469 860 521 alienis
898 471 1144 540 exemplis
1183 473 1283 523 uti.

368 568 419 616 5.
447 554 609 625 ⁷Haec
653 555 731 605 illi
783 574 952 626 quum
990 558 1208 617 dicunt,
1259 561 1428 631 magis
1465 577 1565 611 nos
1603 563 1833 620 auctori-

258 654 370 695 tate
397 653 749 701 commovent,
785 660 946 712 quam
974 644 1196 696 veritate
1223 645 1618 713 disputationis,
1682 648 1834 713 :Illud

258 730 400 780 enim
435 744 709 786 veremur,
766 745 832 777 ne
881 729 968 778 cui
1005 731 1136 780 satis
1174 732 1245 780 sit
1282 731 1714 789 adaecontra‘riam
1749 753 1832 786 ra-

255 818 462 867 tionem
510 811 873 882 probandam,
924 815 1072 884 quod
1121 815 1187 865 ab
1237 833 1299 866 ea
1336 820 1580 870 steterint
1613 821 1686 878 ii,
1737 817 1842 891 qui-

256 913 311 952 et
347 904 650 952 inventores
687 897 847 949 huius
885 897 1121 950 artificii»
1150 899 1399 963 fuerunt,
1468 915 1523 955 et
1548 910 1836 957 :vetustate

254 990 364 1040 iam
416 988 544 1037 satis
595 983 844 1036 omnibus
893 984 1109 1053 probati
1158 998 1298 1038 sunt.
1387 989 1547 1056 Quod
1586 993 1666 1050 si,
1717 990 1836 1043 illo-

253 1093 375 1126 rum
414 1073 732 1124 auctoritate
767 1083 973 1121 remota
990 1107 1005 1129 ,
1068 1090 1181 1122 rem
1219 1076 1438 1126 omnino
1488 1076 1672 1129 volent
1708 1073 1834 1129 cum

253 1178 314 1211 re
351 1174 688 1228 comparare;
751 1156 1081 1229 intelligent,
1131 1176 1240 1209 non
1280 1163 1459 1211 omnia
1497 1174 1611 1214 esse
1648 1175 1832 1214 conce·

256 1247 429 1298 denda
480 1244 809 1313 antiquitati.
904 1245 1143 1293 Primum
1192 1247 1387 1316 igitur,
1446 1249 1593 1318 quod
1641 1247 1711 1300 ab
1755 1249 1833 1301 eiu

258 1334 324 1385 de
360 1331 625 1382 modestia
662 1327 890 1388 dicitur,
941 1329 1250 1389 videamus,
1289 1349 1354 1381 ne
1394 1334 1622 1383 nimium
1658 1336 1833 1403 pueri·

253 1418 380 1469 liter
411 1412 733 1484 proferatur.
806 1415 942 1465 Nam
979 1416 1027 1465 si
1062 1426 1260 1475 tacere,
1301 1429 1394 1468 aut
1430 1417 1572 1468 nihil
1604 1418 1835 1471 scribere

254 1504 518 1555 modestia
554 1511 666 1560 est,
707 1518 800 1550 cur
837 1500 1132 1571 quidquam
1175 1501 1445 1562 scribunt,
1485 1515 1576 1554 aut
1605 1497 1839 1576 loquun-

254 1589 381 1642 tur?
443 1590 538 1640 Sin
575 1587 781 1657 aliquid
818 1603 977 1636 suum
1014 1586 1284 1649 scribunt;
1337 1607 1461 1649 cur,
1514 1607 1623 1660 quo
1662 1592 1834 1643 secius

257 1678 440 1730 omnia
478 1691 575 1725 sua
614 1671 878 1731 scribant,
918 1674 1285 1741 impediuntur
1323 1675 1625 1727 modestia?
1666 1674 1835 1744 Quasi

254 1767 305 1816 si
341 1765 460 1833 quis
501 1762 569 1812 ad
606 1759 981 1829 Olympiacum
1017 1777 1186 1828 quum
1229 1763 1435 1811 venerit
1472 1778 1716 1820 cursum,
1778 1772 1837 1812 et

256 1850 491 1907 steterit,
549 1858 612 1896 ut
648 1848 918 1904 mittatur,
983 1845 1317 1911 impudentes
1355 1845 1475 1896 illos
1515 1847 1672 1901 dicat,
1696 1862 1830 1905 esse,

256 1938 352 2008 qui
391 1949 600 1983 currere
637 1932 934 1998 coeperint,
986 1931 1099 1996 ipse
1138 1932 1277 1980 intra
1316 1948 1547 1981 carceres
1585 1942 1720 1991 stet,
1777 1943 1833 1984 et
1886 1949 1887 1953 ’

258 2031 436 2072 narret
488 2018 632 2077 aliis,
699 2015 976 2086 quomodo
1025 2016 1197 2066 Ladas
1250 2028 1343 2067 aut
1391 2018 1554 2068 Boius
1594 2034 1713 2067 cum
1753 2017 1835 2081 Si·

258 2107 467 2178 cyouiis
508 2104 842 2154 cursitarintt
906 2103 980 2151 sic
1019 2102 1140 2160 isti,
1191 2120 1359 2172 quum
1398 2105 1454 2153 in
1495 2105 1625 2155 artis
1662 2082 1850 2156 curri-⁸

258 2194 436 2245 culum
492 2187 906 2245 descenderunt,
967 2185 1120 2244 illos,
1185 2189 1373 2257 quiin
1411 2205 1504 2248 eo,
1568 2190 1715 2260 quod
1752 2199 1834 2239 est

260 2277 510 2336 artificii,
571 2274 875 2332 elaborant,
926 2273 1077 2322 aiunt
1114 2270 1285 2323 facere
1324 2274 1642 2324 immodeste
1657 2290 1679 2349 ;⁸
1722 2275 1829 2344 ipsi

259 2364 491 2434 aliquem
530 2363 810 2431 antiquum
850 2370 1145 2417 oratorem,
1210 2371 1302 2409 aut
1338 2371 1551 2427 poetam
1588 2359 1827 2418 laudant,

261 2462 354 2500 aut
391 2451 737 2516 scripturam,
790 2447 866 2495 sic
901 2455 964 2494 ut
999 2446 1055 2493 in
1093 2445 1326 2495 stadium
1367 2447 1496 2493 artis
1532 2441 1831 2495 rhetoricae

258 2536 474 2605 prodire
511 2551 619 2583 non
657 2533 903 2582 audeant.
988 2531 1108 2580 Non
1147 2533 1317 2580 ausim
1359 2530 1560 2587 dicere,
1620 2528 1713 2579 sed
1751 2539 1833 2580 tae

262 2640 383 2671 men
421 2637 631 2677 vereor,
685 2635 778 2676 ne,
833 2634 938 2687 qua
980 2618 1036 2665 in
1074 2632 1129 2665 re
1166 2615 1377 2665 laudem
1416 2613 1704 2664 modestiae
1742 2629 1830 2664 ve-

263 2718 489 2764 nentur,
564 2706 620 2753 in
668 2721 728 2752 ea
788 2705 901 2770 ipsa
958 2718 1015 2751 re
1066 2702 1173 2750 sint
1219 2699 1571 2767 impudentes.
1653 2699 1833 2765 ‚Quia¹

265 2795 407 2841 enim
432 2789 533 2840 tibi
559 2786 678 2840 vis?
715 2786 908 2856 aliquis
935 2787 1156 2856 inquiet.
1229 2787 1411 2835 Artem
1433 2796 1582 2836 tuam
1606 2782 1831 2845 scribisg

1656 2870 1830 2941 gignit
