1924 3224
299 225 453 311 §.ng
513 222 1012 269 HERENNIUM
1069 223 1447 280 LIB.11.23.
1617 241 1681 288 51

294 299 367 327 ‘wa
388 299 391 301 '
855 324 857 326 .

223 389 303 444 18.
320 368 599 449 Quoniam
627 383 755 433 satis
775 382 1070 434 ostendisse
1094 383 1354 442 videmur,
1383 383 1577 454 quibus
1605 384 1682 436 a'r-

121 467 614 541 gumentationibus
651 470 709 516 in
742 484 1071 538 unoquoque
1107 484 1292 539 genere
1328 486 1515 519 causae
1548 472 1681 519 iudi-

121 554 268 604 cialis
289 556 373 604 uti
390 555 725 613 conveniret;
766 556 1020 622 consequi
1047 554 1277 613 videtur,
1302 566 1363 604 ut
1380 555 1681 612 doceamusz,

121 639 571 709 quemadmodum
602 640 750 705 «ipsas
779 639 1258 708 argumentationes
1296 652 1480 690 ornate
1519 652 1571 690 et
1598 640 1686 690 ab·

123 725 297 775 solute
317 730 547 774 ⁴tractare
569 725 854 790 possimus,
930 724 1064 772 Nam
1093 721 1201 772 fere
1227 741 1332 774 non
1362 722 1587 775 difficile
1607 738 1688 775 est

120 810 387 868 invenire,
439 809 574 878 quid
606 811 679 858 sit
711 825 897 876 causae
922 808 1264 868 adiumento;
1307 807 1689 860 difficillimum

120 895 247 946 vero
278 905 388 952 est,
427 896 703 945 inventum
731 894 991 960 expolire,
1030 904 1083 943 et
1114 894 1352 961 expedite
1378 897 1686 962 pronuntia·

120 996 193 1028 re.
269 981 408 1027 Haec
438 981 580 1027 enim
614 997 697 1028 res
735 976 895 1038 facit,
947 991 1008 1028 ut
1043 996 1213 1048 neque
1241 980 1472 1038 diutius,
1525 999 1686 1049 quam

122 1065 251 1114 satis
277 1066 376 1122 sit,
427 1066 484 1112 in
516 1064 713 1114 eisdem
747 1063 878 1112 locis
920 1080 1338 1123 commoremur,
1394 1082 1564 1134 neque
1603 1083 1686 1115 eo-

123 1149 243 1199 dem
274 1149 567 1199 identidem
591 1147 954 1207 revolvamur,
1007 1140 1179 1217 neque
1205 1148 1510 1200 inchoatam
1537 1168 1687 1221 argu-

122 1236 506 1283 mentationem
555 1234 913 1303 relinquamus
931 1269 946 1292 ‚
1008 1250 1179 1302 neque
1235 1235 1571 1285 incommode
1621 1236 1688 1286 ad

70 1346 73 1350 ·
124 1318 282 1368 aliam
319 1319 563 1386 deinceps
601 1331 949 1368 transeamus.
1023 1320 1209 1388 Itaque
1255 1318 1355 1370 hac
1391 1323 1600 1371 ratione
1639 1332 1691 1369 et

122 1404 228 1471 ipsi
264 1405 565 1475 meminisse
600 1404 924 1471 poterimus,
977 1405 1364 1475 quidquoquo
1396 1405 1517 1456 loco
1552 1406 1690 1455 dixe-

122 1491 288 1539 rimus
305 1525 319 1547 ,
376 1500 427 1538 et
451 1490 670 1539 auditor
697 1507 865 1558 quum
902 1492 1072 1540 totius
1100 1508 1285 1540 causae
1302 1527 1317 1549 ,
1369 1504 1482 1540 tum
1512 1493 1689 1539 unius-

125 1576 384 1643 cuiusque
433 1575 906 1645 argumentationis
958 1574 1390 1625 distributionem
1424 1577 1691 1642 percipere

125 1671 179 1710 et
214 1661 517 1709 meminisse
552 1661 766 1726 poterit.
841 1661 983 1730 Ergo
1016 1659 1411 1719 absolutissima
1449 1672 1502 1709 et
1526 1657 1692 1728 perfe-

126 1745 360 1793 ctissima
388 1746 778 1814 argumentatio
805 1756 885 1794 est
913 1761 1003 1803 ea,
1055 1762 1191 1813 quae
1217 1747 1272 1793 in
1314 1747 1551 1814 quinque
1578 1763 1691 1812 par-

125 1841 203 1878 tes
238 1840 318 1878 est
345 1828 666 1888 distributa,
703 1832 1159 1897 propositionem,
1197 1826 1492 1888 ration'em,
1530 1831 1694 1879 ratio-

125 1916 209 1963 nis
251 1911 746 1973 confirmationem,
787 1918 1218 1973 exornationem,
1259 1915 1690 1982 complexionem.

125 2001 533 2066 Propositio
577 2011 685 2058 est,
750 2017 843 2067 per
892 2018 1052 2070 quam
1103 2002 1430 2050 ostendimus
1469 2017 1693 2049 summa-

125 2085 254 2142 tim,
296 2085 427 2152 quid
454 2086 554 2142 sit,
608 2085 755 2153 quod
780 2084 1005 2154 probare
1030 2085 1292 2137 volumus.
1368 2086 1574 2134 Ratio
1616 2095 1696 2142 est

128 2185 314 2225 causa,
376 2185 509 2236 quae
540 2170 896 2229 demonstrat,
946 2160 1130 2222 verum
1157 2187 1268 2219 esse
1295 2169 1402 2227 id,
1433 2169 1580 2237 quod
1617 2170 1695 2216 in-

127 2253 395 2302 tendimus
411 2289 427 2310 ,
469 2252 620 2304 brevi
654 2255 1000 2306 subiectione.
1075 2259 1122 2306 R
1137 2274 1165 2303 a
1179 2267 1203 2303 t
1217 2257 1279 2303 io
1295 2255 1401 2301 nis
1441 2269 1469 2300 c
1484 2269 1514 2301 o
1530 2271 1564 2300 n
1580 2249 1606 2299 f
1615 2253 1632 2299 i
1645 2270 1691 2300 1·-

129 2338 347 2389 matio
389 2349 468 2386 est
496 2354 582 2396 ea,
635 2357 769 2407 quae
803 2340 1044 2407 pluribus
1084 2338 1404 2410 argumentis
1443 2335 1691 2386 corrobo-

129 2434 214 2472 rat
233 2421 467 2472 breviter
494 2426 784 2489 expositam
812 2428 1091 2475 rationem.
1165 2426 1208 2472 E
1225 2441 1256 2470 x
1271 2439 1302 2471 o
1318 2439 1345 2469 r
1360 2440 1394 2469 n
1410 2423 1553 2470 atio
1595 2432 1690 2478 est,

130 2525 238 2575 qua
261 2508 466 2556 utimur
490 2507 951 2560 rei-honestandae
986 2522 1039 2559 et
1065 2506 1548 2574 collocupletandae
1574 2522 1691 2558 cau-

131 2607 221 2648 sa,
262 2589 579 2642 confirmata
611 2598 1081 2664 argumentatione.
1158 2589 1553 2657 Complexio
1595 2599 1690 2644 est,

133 2693 266 2743 quae
307 2678 572 2727 concludit
605 2676 862 2739 breviter,
921 2678 1170 2749 colligens
1211 2687 1385 2748 partes
1420 2682 1696 2743 *argumen-

134 2762 374 2812 tationis.
