1924 3224
639 211 1072 256 CAPUT
1198 212 1246 254 I.
1446 173 1695 258 *XXXI

132 341 617 459 XVIII.xagente.
643 375 1005 434 Praeturam
1024 373 1240 437 Cicero
1259 364 1447 453 gessit
1463 379 1529 432 A.
1552 377 1692 449 687.

132 490 245 568 qui
291 507 495 546 annus
555 489 607 544 si
654 488 1014 564 Gniphonis
1063 485 1188 543 fuit
1231 494 1419 547 XLV.
1471 505 1698 548 natum

131 623 442 662 eumesse
471 603 756 679 oportuit
788 608 857 659 A.
889 579 959 658 V..
997 605 1133 673 642.
1157 649 1170 671 ,
1217 602 1303 660 ita
1338 618 1406 659 ut
1449 609 1514 660 A.
1535 609 1606 660 V.
1631 609 1694 662 C.
1741 602 1756 610 ⁸

134 721 272 790 664.
325 715 713 796 vigesimum
771 717 1123 774 secundum
1185 718 1398 775 aetatis
1455 710 1698 776 annum
1787 726 1816 753 ⁷

134 846 375 913 ageret,
425 818 552 908 quo
596 850 770 887 annov
807 830 1136 888 hominem
1172 832 1430 910 ingenio
1463 833 1697 908 pariter

108 967 203 1005 ‘ac
232 945 444 1016 studio
482 943 716 1002 fretum
747 945 871 1000 iarn
906 945 1126 1001 docere
1168 962 1221 1002 et
1259 946 1525 1003 scribere
1558 967 1699 1004 coe-

133 1062 300 1139 pisse
345 1073 840 1131 consentaneum
899 1073 1007 1115 est.
1125 1060 1238 1115 Sed
1298 1060 1351 1116 si
1401 1060 1698 1119 Cicerone

134 1189 418 1253 praetore
456 1175 512 1230 h.
550 1195 599 1229 e.
631 1193 799 1230 anno
837 1174 976 1242 657.
1032 1173 1282 1246 Gnipho
1316 1173 1441 1230 iam
1472 1179 1697 1232 XLIX.

46 1278 57 1301 ³
138 1309 382 1346 annum
427 1288 585 1367 egit,
650 1301 839 1343 natus
885 1287 1125 1343 scilicet
1168 1285 1294 1343 fuit
1348 1292 1418 1344 A.
1457 1290 1594 1357 633.
1640 1302 1702 1345 et

135 1407 296 1461 A.V.
318 1407 382 1460 C.
415 1406 553 1469 664.
595 1401 670 1458 ad
699 1405 904 1458 XXVI
930 1421 1244 1457 annorum
1279 1414 1542 1459 aetatem
1569 1425 1703 1479 per—

138 1530 415 1575 venerat.
498 1517 621 1572 Illo
655 1514 855 1594 igitur
887 1535 1055 1572 anno
1075 1515 1288 1579 Cicero
1320 1536 1464 1572 eum
1486 1519 1702 1576 audire

142 1644 204 1687 et
244 1629 426 1687 libris
468 1629 542 1686 ad
586 1629 984 1686 Herennium
1034 1629 1281 1706 scriptis
1328 1630 1422 1685 uti
1466 1632 1697 1711 potuit,

142 1764 338 1822 quum
374 1744 532 1800 circa
577 1762 817 1801 annum
850 1746 984 1800 666.
1032 1748 1104 1800 V.
1145 1748 1208 1800 C.
1244 1742 1441 1801 libros
1472 1746 1702 1826 Rheto-

140 1857 305 1916 ricos
349 1877 497 1916 suos
547 1859 680 1935 ipse
737 1858 1174 1934 conscriberet.
1289 1863 1507 1935 Neque
1549 1880 1701 1918 vero
1777 1856 1782 1863 ’

142 1959 456 2052 repugnet
497 1971 810 2029 librorum
851 1974 925 2029 ad
967 1972 1362 2030 Herennium
1395 1974 1702 2032 ultimum

144 2101 356 2164 caput,
406 2107 515 2144 seu
570 2090 801 2155 IV..56.
858 2107 887 2143 e
930 2107 1055 2164 quo
1111 2087 1414 2164 suspicari
1467 2088 1693 2164 possis,

145 2215 462 2257 auctorem
531 2199 1019 2271 adolescentiae,
1096 2221 1284 2278 quam
1352 2201 1700 2259 robustiori

145 2314 333 2371 aetati
383 2314 746 2391 propiorem
805 2312 1035 2385 fuisse,
1120 2334 1315 2391 quum
1390 2315 1699 2377 Herennii

96 2443 100 2452 ’
145 2427 402 2507 cognati
433 2427 532 2486 sui
564 2429 884 2486 voluntati
902 2427 1290 2508 obsequutus
1318 2428 1518 2487 libros
1547 2429 1698 2487 illos
1778 2412 1784 2418 s

145 2541 586 2600 conscriberet.
611 2572 620 2587 ι

271 2656 435 2713 Fieri
489 2656 677 2713 etiam
732 2656 974 2734 potuit,
1055 2669 1125 2712 ut
1171 2656 1384 2726 Cicero
1448 2654 1698 2712 dictatis

145 2781 397 2827 tantum
434 2769 703 2828 Antonii
737 2769 1096 2847 Gniphonis
1139 2784 1446 2840 uteretur,
1493 2787 1697 2847 quum
