<?xml version="1.0" encoding="UTF-8"?>
<!DOCTYPE html PUBLIC "-//W3C//DTD XHTML 1.0 Transitional//EN"
    "http://www.w3.org/TR/xhtml1/DTD/xhtml1-transitional.dtd">
<html xmlns="http://www.w3.org/1999/xhtml" xml:lang="en" lang="en">
 <head>
  <title>
</title>
<meta http-equiv="Content-Type" content="text/html;charset=utf-8" />
  <meta name='ocr-system' content='tesseract 3.04.00' />
  <meta name='ocr-capabilities' content='ocr_page ocr_carea ocr_par ocr_line ocrx_word'/>
</head>
<body>
  <div class='ocr_page' id='page_1' title='image "./p1selectedworkso01ciceuoft_0295.png"; bbox 0 0 1878 3198; ppageno 0'>
   <div class='ocr_carea' id='block_1_1' title="bbox 315 194 1671 293">
    <p class='ocr_par' dir='ltr' id='par_1_1' title="bbox 315 194 1671 293">
     <span class='ocr_line' id='line_1_1' title="bbox 315 194 1671 293; baseline 0.006 -24"><span class='ocrx_word' id='word_1_1' title='bbox 315 194 979 274; x_wconf 37' lang='lat' dir='ltr'>RHET&#39;ORICORUM</span> <span class='ocrx_word' id='word_1_2' title='bbox 1036 227 1194 274; x_wconf 78' lang='lat' dir='ltr'><strong>Lm,</strong></span> <span class='ocrx_word' id='word_1_3' title='bbox 1249 230 1297 272; x_wconf 87' lang='lat'><strong>1.</strong></span> <span class='ocrx_word' id='word_1_4' title='bbox 1350 239 1428 282; x_wconf 78' lang='lat'><strong>51.</strong></span> <span class='ocrx_word' id='word_1_5' title='bbox 1573 226 1671 293; x_wconf 67' lang='lat'><strong>251</strong></span> 
     </span>
    </p>
   </div>
   <div class='ocr_carea' id='block_1_2' title="bbox 62 385 1690 2838">
    <p class='ocr_par' dir='ltr' id='par_1_2' title="bbox 62 385 1690 2838">
     <span class='ocr_line' id='line_1_2' title="bbox 120 385 1686 460; baseline 0.002 -20"><span class='ocrx_word' id='word_1_6' title='bbox 120 387 513 440; x_wconf 80' lang='lat' dir='ltr'><strong>assensionibus</strong></span> <span class='ocrx_word' id='word_1_7' title='bbox 538 385 696 446; x_wconf 84' lang='lat' dir='ltr'><strong>facit,</strong></span> <span class='ocrx_word' id='word_1_8' title='bbox 749 399 811 437; x_wconf 90' lang='lat' dir='ltr'><strong>ut</strong></span> <span class='ocrx_word' id='word_1_9' title='bbox 833 387 912 437; x_wconf 89' lang='lat' dir='ltr'><strong>illi</strong></span> <span class='ocrx_word' id='word_1_10' title='bbox 936 387 1098 438; x_wconf 83' lang='lat' dir='ltr'><strong>dubia</strong></span> <span class='ocrx_word' id='word_1_11' title='bbox 1123 391 1382 459; x_wconf 82' lang='lat' dir='ltr'><strong>quaedam</strong></span> <span class='ocrx_word' id='word_1_12' title='bbox 1405 408 1487 440; x_wconf 90' lang='lat' dir='ltr'><strong>res</strong></span> <span class='ocrx_word' id='word_1_13' title='bbox 1504 428 1517 449; x_wconf 87' lang='lat'><strong>‚</strong></span> <span class='ocrx_word' id='word_1_14' title='bbox 1556 410 1686 460; x_wconf 35' lang='lat' dir='ltr'><strong>pron</strong></span> 
     </span>
     <span class='ocr_line' id='line_1_3' title="bbox 116 474 1677 544; baseline 0.001 -19"><span class='ocrx_word' id='word_1_15' title='bbox 116 487 235 544; x_wconf 81' lang='lat' dir='ltr'><strong>pter</strong></span> <span class='ocrx_word' id='word_1_16' title='bbox 276 474 679 524; x_wconf 82' lang='lat' dir='ltr'><strong>similitudinem</strong></span> <span class='ocrx_word' id='word_1_17' title='bbox 715 490 893 528; x_wconf 86' lang='lat' dir='ltr'><strong>earum</strong></span> <span class='ocrx_word' id='word_1_18' title='bbox 927 491 1133 533; x_wconf 80' lang='lat' dir='ltr'><strong>rerum,</strong></span> <span class='ocrx_word' id='word_1_19' title='bbox 1204 474 1397 544; x_wconf 84' lang='lat' dir='ltr'><strong>quibus</strong></span> <span class='ocrx_word' id='word_1_20' title='bbox 1437 479 1677 537; x_wconf 87' lang='lat' dir='ltr'><strong>assensit,</strong></span> 
     </span>
     <span class='ocr_line' id='line_1_4' title="bbox 116 550 1679 629; baseline 0.001 -19"><span class='ocrx_word' id='word_1_21' title='bbox 116 560 389 629; x_wconf 80' lang='lat' dir='ltr'><strong>probetur.</strong></span> <span class='ocrx_word' id='word_1_22' title='bbox 477 559 630 611; x_wconf 86' lang='lat' dir='ltr'><strong>Velut</strong></span> <span class='ocrx_word' id='word_1_23' title='bbox 671 559 809 626; x_wconf 83' lang='lat' dir='ltr'><strong>apud</strong></span> <span class='ocrx_word' id='word_1_24' title='bbox 856 561 1182 611; x_wconf 84' lang='lat' dir='ltr'><strong>Socraticum</strong></span> <span class='ocrx_word' id='word_1_25' title='bbox 1229 550 1544 616; x_wconf 83' lang='lat' dir='ltr'><strong>Aeschinem</strong></span> <span class='ocrx_word' id='word_1_26' title='bbox 1593 563 1679 612; x_wconf 82' lang='lat' dir='ltr'><strong>de·</strong></span> 
     </span>
     <span class='ocr_line' id='line_1_5' title="bbox 117 645 1682 713; baseline 0.001 -17"><span class='ocrx_word' id='word_1_27' title='bbox 117 656 375 696; x_wconf 81' lang='lat' dir='ltr'><strong>monstrat</strong></span> <span class='ocrx_word' id='word_1_28' title='bbox 431 646 670 695; x_wconf 86' lang='lat' dir='ltr'><strong>Socrates</strong></span> <span class='ocrx_word' id='word_1_29' title='bbox 683 680 699 702; x_wconf 87' lang='lat'><strong>,</strong></span> <span class='ocrx_word' id='word_1_30' title='bbox 776 663 895 694; x_wconf 89' lang='lat' dir='ltr'><strong>cum</strong></span> <span class='ocrx_word' id='word_1_31' title='bbox 945 645 1313 713; x_wconf 81' lang='lat' dir='ltr'><strong>Xenophontis</strong></span> <span class='ocrx_word' id='word_1_32' title='bbox 1367 664 1558 705; x_wconf 84' lang='lat' dir='ltr'><strong>uxore,</strong></span> <span class='ocrx_word' id='word_1_33' title='bbox 1619 646 1682 697; x_wconf 64' lang='lat' dir='ltr'><strong>&#39;et</strong></span> 
     </span>
     <span class='ocr_line' id='line_1_6' title="bbox 120 718 1683 800; baseline 0 -20"><span class='ocrx_word' id='word_1_34' title='bbox 120 748 239 789; x_wconf 81' lang='lat' dir='ltr'><strong>cum</strong></span> <span class='ocrx_word' id='word_1_35' title='bbox 284 733 400 797; x_wconf 85' lang='lat' dir='ltr'><strong>ipso</strong></span> <span class='ocrx_word' id='word_1_36' title='bbox 440 718 794 796; x_wconf 82' lang='lat' dir='ltr'><strong>Xenophonte</strong></span> <span class='ocrx_word' id='word_1_37' title='bbox 834 732 1108 797; x_wconf 88' lang='lat' dir='ltr'><strong>Aspasiam</strong></span> <span class='ocrx_word' id='word_1_38' title='bbox 1147 731 1454 800; x_wconf 87' lang='lat' dir='ltr'><strong>loquutam:</strong></span> <span class='ocrx_word' id='word_1_39' title='bbox 1530 733 1683 790; x_wconf 88' lang='lat' dir='ltr'><strong>„Dic</strong></span> 
     </span>
     <span class='ocr_line' id='line_1_7' title="bbox 118 814 1683 884; baseline 0 -19"><span class='ocrx_word' id='word_1_40' title='bbox 118 814 283 874; x_wconf 86' lang='lat' dir='ltr'><strong>mihi,</strong></span> <span class='ocrx_word' id='word_1_41' title='bbox 347 831 577 884; x_wconf 84' lang='lat' dir='ltr'><strong>quaeso,</strong></span> <span class='ocrx_word' id='word_1_42' title='bbox 641 814 1010 882; x_wconf 87' lang='lat' dir='ltr'><strong>Xenophontis</strong></span> <span class='ocrx_word' id='word_1_43' title='bbox 1047 834 1208 874; x_wconf 86' lang='lat' dir='ltr'><strong>uxor,</strong></span> <span class='ocrx_word' id='word_1_44' title='bbox 1282 818 1327 866; x_wconf 89' lang='lat' dir='ltr'><strong>si</strong></span> <span class='ocrx_word' id='word_1_45' title='bbox 1376 818 1549 867; x_wconf 88' lang='lat' dir='ltr'><strong>vicina</strong></span> <span class='ocrx_word' id='word_1_46' title='bbox 1587 828 1683 866; x_wconf 85' lang='lat' dir='ltr'><strong>tua</strong></span> 
     </span>
     <span class='ocr_line' id='line_1_8' title="bbox 116 899 1683 971; baseline 0.001 -21"><span class='ocrx_word' id='word_1_47' title='bbox 116 901 306 950; x_wconf 86' lang='lat' dir='ltr'><strong>melius</strong></span> <span class='ocrx_word' id='word_1_48' title='bbox 344 899 538 950; x_wconf 86' lang='lat' dir='ltr'><strong>habeat</strong></span> <span class='ocrx_word' id='word_1_49' title='bbox 565 918 749 949; x_wconf 85' lang='lat' dir='ltr'><strong>aurum</strong></span> <span class='ocrx_word' id='word_1_50' title='bbox 768 936 782 958; x_wconf 94' lang='lat'>,</span> <span class='ocrx_word' id='word_1_51' title='bbox 823 918 983 971; x_wconf 87' lang='lat' dir='ltr'><strong>quam</strong></span> <span class='ocrx_word' id='word_1_52' title='bbox 1009 914 1070 952; x_wconf 83' lang='lat' dir='ltr'><strong>tu</strong></span> <span class='ocrx_word' id='word_1_53' title='bbox 1095 900 1288 960; x_wconf 87' lang='lat' dir='ltr'><strong>habes,</strong></span> <span class='ocrx_word' id='word_1_54' title='bbox 1327 913 1507 950; x_wconf 84' lang='lat' dir='ltr'><strong>utrum</strong></span> <span class='ocrx_word' id='word_1_55' title='bbox 1539 900 1683 951; x_wconf 88' lang='lat' dir='ltr'><strong>illius</strong></span> 
     </span>
     <span class='ocr_line' id='line_1_9' title="bbox 119 976 1683 1056; baseline 0 -21"><span class='ocrx_word' id='word_1_56' title='bbox 119 1005 186 1035; x_wconf 90' lang='lat' dir='ltr'><strong>an</strong></span> <span class='ocrx_word' id='word_1_57' title='bbox 219 997 372 1035; x_wconf 85' lang='lat' dir='ltr'><strong>tuum</strong></span> <span class='ocrx_word' id='word_1_58' title='bbox 411 976 601 1035; x_wconf 74' lang='lat' dir='ltr'><strong>malis?</strong></span> <span class='ocrx_word' id='word_1_59' title='bbox 636 1013 718 1052; x_wconf 78' lang='lat'><strong>—.</strong></span> <span class='ocrx_word' id='word_1_60' title='bbox 765 985 942 1045; x_wconf 71' lang='lat' dir='ltr'><strong>Illius,</strong></span> <span class='ocrx_word' id='word_1_61' title='bbox 982 988 1175 1056; x_wconf 89' lang='lat' dir='ltr'><strong>inquit.</strong></span> <span class='ocrx_word' id='word_1_62' title='bbox 1214 1015 1286 1026; x_wconf 92' lang='lat'><strong>--</strong></span> <span class='ocrx_word' id='word_1_63' title='bbox 1337 987 1481 1052; x_wconf 84' lang='lat' dir='ltr'><strong>Quid</strong></span> <span class='ocrx_word' id='word_1_64' title='bbox 1519 989 1683 1037; x_wconf 53' lang='lat' dir='ltr'><strong>si‘ve·</strong></span> 
     </span>
     <span class='ocr_line' id='line_1_10' title="bbox 118 1072 1683 1139; baseline 0 -18"><span class='ocrx_word' id='word_1_65' title='bbox 118 1083 280 1129; x_wconf 87' lang='lat' dir='ltr'><strong>stem,</strong></span> <span class='ocrx_word' id='word_1_66' title='bbox 322 1082 374 1120; x_wconf 89' lang='lat' dir='ltr'><strong>et</strong></span> <span class='ocrx_word' id='word_1_67' title='bbox 412 1083 641 1120; x_wconf 83' lang='lat' dir='ltr'><strong>ceterum</strong></span> <span class='ocrx_word' id='word_1_68' title='bbox 679 1084 927 1122; x_wconf 84' lang='lat' dir='ltr'><strong>ornatum</strong></span> <span class='ocrx_word' id='word_1_69' title='bbox 965 1072 1275 1121; x_wconf 87' lang='lat' dir='ltr'><strong>muliebrem</strong></span> <span class='ocrx_word' id='word_1_70' title='bbox 1322 1073 1479 1139; x_wconf 83' lang='lat' dir='ltr'><strong>pretii</strong></span> <span class='ocrx_word' id='word_1_71' title='bbox 1518 1073 1683 1121; x_wconf 89' lang='lat' dir='ltr'><strong>maio-</strong></span> 
     </span>
     <span class='ocr_line' id='line_1_11' title="bbox 115 1154 1688 1224; baseline -0.001 -18"><span class='ocrx_word' id='word_1_72' title='bbox 115 1159 190 1206; x_wconf 84' lang='lat' dir='ltr'><strong>ris</strong></span> <span class='ocrx_word' id='word_1_73' title='bbox 230 1154 448 1213; x_wconf 79' lang='lat' dir='ltr'><strong>haheat,</strong></span> <span class='ocrx_word' id='word_1_74' title='bbox 503 1174 662 1224; x_wconf 84' lang='lat' dir='ltr'><strong>quam</strong></span> <span class='ocrx_word' id='word_1_75' title='bbox 698 1167 759 1205; x_wconf 89' lang='lat' dir='ltr'><strong>tu</strong></span> <span class='ocrx_word' id='word_1_76' title='bbox 795 1154 989 1214; x_wconf 86' lang='lat' dir='ltr'><strong>habes,</strong></span> <span class='ocrx_word' id='word_1_77' title='bbox 1028 1168 1247 1205; x_wconf 84' lang='lat' dir='ltr'><strong>tuumne</strong></span> <span class='ocrx_word' id='word_1_78' title='bbox 1287 1175 1353 1206; x_wconf 87' lang='lat' dir='ltr'><strong>an</strong></span> <span class='ocrx_word' id='word_1_79' title='bbox 1395 1156 1539 1206; x_wconf 88' lang='lat' dir='ltr'><strong>illius</strong></span> <span class='ocrx_word' id='word_1_80' title='bbox 1580 1174 1688 1204; x_wconf 88' lang='lat' dir='ltr'><strong>ma-</strong></span> 
     </span>
     <span class='ocr_line' id='line_1_12' title="bbox 116 1225 1687 1311; baseline 0 -21"><span class='ocrx_word' id='word_1_81' title='bbox 116 1240 223 1291; x_wconf 77' lang='lat' dir='ltr'><strong>lis?</strong></span> <span class='ocrx_word' id='word_1_82' title='bbox 263 1267 334 1277; x_wconf 89' lang='lat'><strong>—</strong></span> <span class='ocrx_word' id='word_1_83' title='bbox 382 1239 563 1299; x_wconf 88' lang='lat' dir='ltr'><strong>Illius,</strong></span> <span class='ocrx_word' id='word_1_84' title='bbox 603 1242 894 1308; x_wconf 84' lang='lat' dir='ltr'><strong>respondit.</strong></span> <span class='ocrx_word' id='word_1_85' title='bbox 934 1225 1005 1280; x_wconf 56' lang='grc' dir='ltr'><strong>-ὲ-</strong></span> <span class='ocrx_word' id='word_1_86' title='bbox 1063 1242 1176 1311; x_wconf 88' lang='lat' dir='ltr'><strong>Age</strong></span> <span class='ocrx_word' id='word_1_87' title='bbox 1213 1258 1370 1300; x_wconf 87' lang='lat' dir='ltr'><strong>vero,</strong></span> <span class='ocrx_word' id='word_1_88' title='bbox 1426 1243 1472 1290; x_wconf 86' lang='lat' dir='ltr'><strong>si</strong></span> <span class='ocrx_word' id='word_1_89' title='bbox 1512 1242 1687 1291; x_wconf 85' lang='lat' dir='ltr'><strong>virum</strong></span> 
     </span>
     <span class='ocr_line' id='line_1_13' title="bbox 117 1325 1686 1396; baseline -0.002 -20"><span class='ocrx_word' id='word_1_90' title='bbox 117 1326 208 1376; x_wconf 84' lang='lat' dir='ltr'><strong>illa</strong></span> <span class='ocrx_word' id='word_1_91' title='bbox 238 1325 511 1376; x_wconf 87' lang='lat' dir='ltr'><strong>meliorem</strong></span> <span class='ocrx_word' id='word_1_92' title='bbox 533 1325 758 1384; x_wconf 88' lang='lat' dir='ltr'><strong>haheat,</strong></span> <span class='ocrx_word' id='word_1_93' title='bbox 799 1345 958 1396; x_wconf 85' lang='lat' dir='ltr'><strong>quam</strong></span> <span class='ocrx_word' id='word_1_94' title='bbox 994 1337 1055 1375; x_wconf 79' lang='lat' dir='ltr'><strong>tu</strong></span> <span class='ocrx_word' id='word_1_95' title='bbox 1091 1326 1281 1385; x_wconf 84' lang='lat' dir='ltr'><strong>habes,</strong></span> <span class='ocrx_word' id='word_1_96' title='bbox 1326 1339 1506 1388; x_wconf 84' lang='lat' dir='ltr'><strong>utrum</strong></span> <span class='ocrx_word' id='word_1_97' title='bbox 1533 1337 1686 1374; x_wconf 84' lang='lat' dir='ltr'><strong>tuum</strong></span> 
     </span>
     <span class='ocr_line' id='line_1_14' title="bbox 117 1410 1688 1477; baseline -0.001 -17"><span class='ocrx_word' id='word_1_98' title='bbox 117 1411 270 1469; x_wconf 86' lang='lat' dir='ltr'><strong>malis</strong></span> <span class='ocrx_word' id='word_1_99' title='bbox 324 1429 391 1460; x_wconf 87' lang='lat' dir='ltr'><strong>an</strong></span> <span class='ocrx_word' id='word_1_100' title='bbox 440 1410 672 1461; x_wconf 77' lang='lat' dir='ltr'><strong>illius?“</strong></span> <span class='ocrx_word' id='word_1_101' title='bbox 759 1414 857 1460; x_wconf 87' lang='lat' dir='ltr'><strong>Hic</strong></span> <span class='ocrx_word' id='word_1_102' title='bbox 894 1412 1086 1462; x_wconf 81' lang='lat' dir='ltr'><strong>mulier</strong></span> <span class='ocrx_word' id='word_1_103' title='bbox 1133 1412 1362 1462; x_wconf 86' lang='lat' dir='ltr'><strong>erubuit.</strong></span> <span class='ocrx_word' id='word_1_104' title='bbox 1463 1412 1688 1477; x_wconf 84' lang='lat' dir='ltr'><strong>Aspasia</strong></span> 
     </span>
     <span class='ocr_line' id='line_1_15' title="bbox 117 1495 1686 1563; baseline -0.003 -18"><span class='ocrx_word' id='word_1_105' title='bbox 117 1507 296 1545; x_wconf 83' lang='lat' dir='ltr'><strong>autem</strong></span> <span class='ocrx_word' id='word_1_106' title='bbox 345 1512 464 1544; x_wconf 89' lang='lat' dir='ltr'><strong>cum</strong></span> <span class='ocrx_word' id='word_1_107' title='bbox 507 1498 625 1563; x_wconf 88' lang='lat' dir='ltr'><strong>ipso</strong></span> <span class='ocrx_word' id='word_1_108' title='bbox 673 1496 1025 1563; x_wconf 88' lang='lat' dir='ltr'><strong>Xenophonte</strong></span> <span class='ocrx_word' id='word_1_109' title='bbox 1076 1514 1371 1547; x_wconf 88' lang='lat' dir='ltr'><strong>sermonem</strong></span> <span class='ocrx_word' id='word_1_110' title='bbox 1430 1495 1686 1543; x_wconf 80' lang='lat' dir='ltr'><strong>instituit.</strong></span> 
     </span>
     <span class='ocr_line' id='line_1_16' title="bbox 114 1566 1689 1649; baseline -0.003 -20"><span class='ocrx_word' id='word_1_111' title='bbox 114 1582 390 1646; x_wconf 85' lang='lat' dir='ltr'><strong>‚,Quaeso,</strong></span> <span class='ocrx_word' id='word_1_112' title='bbox 435 1582 625 1649; x_wconf 84' lang='lat' dir='ltr'><strong>inquit,</strong></span> <span class='ocrx_word' id='word_1_113' title='bbox 683 1580 1000 1648; x_wconf 85' lang='lat' dir='ltr'><strong>Xenophon,</strong></span> <span class='ocrx_word' id='word_1_114' title='bbox 1041 1584 1085 1630; x_wconf 90' lang='lat' dir='ltr'><strong>si</strong></span> <span class='ocrx_word' id='word_1_115' title='bbox 1112 1583 1314 1632; x_wconf 87' lang='lat' dir='ltr'><strong>vicinus</strong></span> <span class='ocrx_word' id='word_1_116' title='bbox 1344 1566 1689 1646; x_wconf 37' lang='lat' dir='ltr'><strong>tuus‘equum</strong></span> 
     </span>
     <span class='ocr_line' id='line_1_17' title="bbox 117 1650 1688 1734; baseline -0.002 -20"><span class='ocrx_word' id='word_1_117' title='bbox 117 1665 392 1714; x_wconf 75' lang='lat' dir='ltr'><strong>meliorem</strong></span> <span class='ocrx_word' id='word_1_118' title='bbox 427 1663 650 1724; x_wconf 85' lang='lat' dir='ltr'><strong>habeat,</strong></span> <span class='ocrx_word' id='word_1_119' title='bbox 703 1684 862 1734; x_wconf 90' lang='lat' dir='ltr'><strong>quam</strong></span> <span class='ocrx_word' id='word_1_120' title='bbox 901 1650 1026 1715; x_wconf 78' lang='lat' dir='ltr'><strong>tuus</strong></span> <span class='ocrx_word' id='word_1_121' title='bbox 1068 1679 1179 1726; x_wconf 82' lang='lat' dir='ltr'><strong>est3</strong></span> <span class='ocrx_word' id='word_1_122' title='bbox 1230 1678 1450 1714; x_wconf 89' lang='lat' dir='ltr'><strong>tuumne</strong></span> <span class='ocrx_word' id='word_1_123' title='bbox 1491 1680 1688 1730; x_wconf 87' lang='lat' dir='ltr'><strong>equum</strong></span> 
     </span>
     <span class='ocr_line' id='line_1_18' title="bbox 115 1744 1687 1820; baseline -0.004 -21"><span class='ocrx_word' id='word_1_124' title='bbox 115 1749 299 1808; x_wconf 81' lang='lat' dir='ltr'><strong>malis,</strong></span> <span class='ocrx_word' id='word_1_125' title='bbox 341 1768 407 1799; x_wconf 84' lang='lat' dir='ltr'><strong>an</strong></span> <span class='ocrx_word' id='word_1_126' title='bbox 434 1749 615 1799; x_wconf 75' lang='lat' dir='ltr'><strong>illius?</strong></span> <span class='ocrx_word' id='word_1_127' title='bbox 651 1779 722 1788; x_wconf 93' lang='lat'>—</span> <span class='ocrx_word' id='word_1_128' title='bbox 757 1751 935 1809; x_wconf 84' lang='lat' dir='ltr'><strong>Illius,</strong></span> <span class='ocrx_word' id='word_1_129' title='bbox 974 1753 1166 1820; x_wconf 83' lang='lat' dir='ltr'><strong>inquit.</strong></span> <span class='ocrx_word' id='word_1_130' title='bbox 1215 1778 1287 1789; x_wconf 90' lang='lat'><em>-</em></span> <span class='ocrx_word' id='word_1_131' title='bbox 1325 1749 1469 1815; x_wconf 84' lang='lat' dir='ltr'><strong>Quid</strong></span> <span class='ocrx_word' id='word_1_132' title='bbox 1493 1749 1538 1795; x_wconf 86' lang='lat' dir='ltr'><strong>si</strong></span> <span class='ocrx_word' id='word_1_133' title='bbox 1568 1744 1687 1794; x_wconf 85' lang='lat' dir='ltr'><strong>fun-</strong></span> 
     </span>
     <span class='ocr_line' id='line_1_19' title="bbox 118 1833 1687 1904; baseline -0.004 -19"><span class='ocrx_word' id='word_1_134' title='bbox 118 1835 245 1885; x_wconf 81' lang='lat' dir='ltr'><strong>dum</strong></span> <span class='ocrx_word' id='word_1_135' title='bbox 283 1834 555 1884; x_wconf 79' lang='lat' dir='ltr'><strong>meliorem</strong></span> <span class='ocrx_word' id='word_1_136' title='bbox 583 1833 806 1893; x_wconf 88' lang='lat' dir='ltr'><strong>habeat,</strong></span> <span class='ocrx_word' id='word_1_137' title='bbox 847 1854 1009 1904; x_wconf 80' lang='lat' dir='ltr'><strong>quam</strong></span> <span class='ocrx_word' id='word_1_138' title='bbox 1048 1847 1105 1884; x_wconf 81' lang='lat' dir='ltr'><strong>tu</strong></span> <span class='ocrx_word' id='word_1_139' title='bbox 1132 1834 1324 1892; x_wconf 88' lang='lat' dir='ltr'><strong>habes,</strong></span> <span class='ocrx_word' id='word_1_140' title='bbox 1369 1845 1549 1882; x_wconf 80' lang='lat' dir='ltr'><strong>utrum</strong></span> <span class='ocrx_word' id='word_1_141' title='bbox 1576 1843 1687 1880; x_wconf 89' lang='lat' dir='ltr'><strong>tan-</strong></span> 
     </span>
     <span class='ocr_line' id='line_1_20' title="bbox 83 1901 1690 1986; baseline -0.005 -15"><span class='ocrx_word' id='word_1_142' title='bbox 83 1911 85 1913; x_wconf 24' lang='lat'>·</span> <span class='ocrx_word' id='word_1_143' title='bbox 119 1921 239 1972; x_wconf 84' lang='lat' dir='ltr'><strong>dem</strong></span> <span class='ocrx_word' id='word_1_144' title='bbox 276 1918 503 1969; x_wconf 88' lang='lat' dir='ltr'><strong>fundum</strong></span> <span class='ocrx_word' id='word_1_145' title='bbox 538 1918 733 1968; x_wconf 86' lang='lat' dir='ltr'><strong>habere</strong></span> <span class='ocrx_word' id='word_1_146' title='bbox 768 1919 959 1970; x_wconf 72' lang='lat' dir='ltr'><strong>malis?</strong></span> <span class='ocrx_word' id='word_1_147' title='bbox 994 1949 1065 1958; x_wconf 90' lang='lat'><strong>—</strong></span> <span class='ocrx_word' id='word_1_148' title='bbox 1116 1921 1299 1978; x_wconf 87' lang='lat' dir='ltr'><strong>Illum,</strong></span> <span class='ocrx_word' id='word_1_149' title='bbox 1339 1919 1542 1986; x_wconf 85' lang='lat' dir='ltr'><strong>inquit,</strong></span> <span class='ocrx_word' id='word_1_150' title='bbox 1583 1901 1690 1964; x_wconf 66' lang='lat' dir='ltr'><strong>ine-</strong></span> 
     </span>
     <span class='ocr_line' id='line_1_21' title="bbox 117 1999 1688 2070; baseline -0.004 -16"><span class='ocrx_word' id='word_1_151' title='bbox 117 2004 307 2054; x_wconf 86' lang='lat' dir='ltr'><strong>liorem</strong></span> <span class='ocrx_word' id='word_1_152' title='bbox 346 2004 561 2054; x_wconf 86' lang='lat' dir='ltr'><strong>scilicet.</strong></span> <span class='ocrx_word' id='word_1_153' title='bbox 613 2033 684 2042; x_wconf 92' lang='lat'><strong>--</strong></span> <span class='ocrx_word' id='word_1_154' title='bbox 748 2006 890 2070; x_wconf 87' lang='lat' dir='ltr'><strong>Quid</strong></span> <span class='ocrx_word' id='word_1_155' title='bbox 938 2009 985 2054; x_wconf 87' lang='lat' dir='ltr'><strong>si</strong></span> <span class='ocrx_word' id='word_1_156' title='bbox 1024 2023 1243 2055; x_wconf 85' lang='lat' dir='ltr'><strong>uxorem</strong></span> <span class='ocrx_word' id='word_1_157' title='bbox 1289 2003 1559 2052; x_wconf 84' lang='lat' dir='ltr'><strong>meliorem</strong></span> <span class='ocrx_word' id='word_1_158' title='bbox 1599 1999 1688 2050; x_wconf 90' lang='lat' dir='ltr'><strong>ha-</strong></span> 
     </span>
     <span class='ocr_line' id='line_1_22' title="bbox 117 2082 1690 2159; baseline -0.003 -20"><span class='ocrx_word' id='word_1_159' title='bbox 117 2082 269 2147; x_wconf 82' lang='lat' dir='ltr'><strong>beat,</strong></span> <span class='ocrx_word' id='word_1_160' title='bbox 322 2108 482 2159; x_wconf 86' lang='lat' dir='ltr'><strong>quam</strong></span> <span class='ocrx_word' id='word_1_161' title='bbox 515 2101 580 2139; x_wconf 90' lang='lat' dir='ltr'><strong>tu</strong></span> <span class='ocrx_word' id='word_1_162' title='bbox 620 2087 817 2147; x_wconf 83' lang='lat' dir='ltr'><strong>habes,</strong></span> <span class='ocrx_word' id='word_1_163' title='bbox 867 2100 1042 2140; x_wconf 86' lang='lat' dir='ltr'><strong>utram</strong></span> <span class='ocrx_word' id='word_1_164' title='bbox 1079 2089 1324 2140; x_wconf 72' lang='lat' dir='ltr'><strong>malis‘3“</strong></span> <span class='ocrx_word' id='word_1_165' title='bbox 1380 2116 1451 2126; x_wconf 85' lang='lat'><strong>--</strong></span> <span class='ocrx_word' id='word_1_166' title='bbox 1512 2092 1690 2154; x_wconf 83' lang='lat' dir='ltr'><strong>Atque</strong></span> 
     </span>
     <span class='ocr_line' id='line_1_23' title="bbox 115 2172 1685 2243; baseline -0.006 -17"><span class='ocrx_word' id='word_1_167' title='bbox 115 2173 207 2226; x_wconf 89' lang='lat' dir='ltr'><strong>hic</strong></span> <span class='ocrx_word' id='word_1_168' title='bbox 240 2174 536 2242; x_wconf 88' lang='lat' dir='ltr'><strong>Xenophon</strong></span> <span class='ocrx_word' id='word_1_169' title='bbox 575 2191 788 2243; x_wconf 87' lang='lat' dir='ltr'><strong>quoque</strong></span> <span class='ocrx_word' id='word_1_170' title='bbox 826 2176 939 2242; x_wconf 85' lang='lat' dir='ltr'><strong>ipse</strong></span> <span class='ocrx_word' id='word_1_171' title='bbox 979 2178 1166 2225; x_wconf 85' lang='lat' dir='ltr'><strong>tacuit.</strong></span> <span class='ocrx_word' id='word_1_172' title='bbox 1245 2175 1397 2223; x_wconf 65' lang='lat' dir='ltr'><strong>&#39;Post</strong></span> <span class='ocrx_word' id='word_1_173' title='bbox 1430 2172 1685 2238; x_wconf 81' lang='lat' dir='ltr'><strong>Aspasia:</strong></span> 
     </span>
     <span class='ocr_line' id='line_1_24' title="bbox 117 2253 1688 2330; baseline -0.003 -21"><span class='ocrx_word' id='word_1_174' title='bbox 117 2260 443 2326; x_wconf 85' lang='lat' dir='ltr'><strong>„Quoniam</strong></span> <span class='ocrx_word' id='word_1_175' title='bbox 481 2271 702 2328; x_wconf 88' lang='lat' dir='ltr'><strong>uterque</strong></span> <span class='ocrx_word' id='word_1_176' title='bbox 741 2268 1059 2319; x_wconf 87' lang='lat' dir='ltr'><strong>vestrum‚“</strong></span> <span class='ocrx_word' id='word_1_177' title='bbox 1131 2261 1336 2330; x_wconf 90' lang='lat' dir='ltr'><strong>inquit,</strong></span> <span class='ocrx_word' id='word_1_178' title='bbox 1403 2257 1513 2315; x_wconf 84' lang='lat' dir='ltr'><strong>„id</strong></span> <span class='ocrx_word' id='word_1_179' title='bbox 1551 2253 1688 2304; x_wconf 82' lang='lat' dir='ltr'><strong>mihi</strong></span> 
     </span>
     <span class='ocr_line' id='line_1_25' title="bbox 118 2342 1685 2416; baseline -0.003 -21"><span class='ocrx_word' id='word_1_180' title='bbox 118 2344 291 2395; x_wconf 87' lang='lat' dir='ltr'><strong>solum</strong></span> <span class='ocrx_word' id='word_1_181' title='bbox 329 2362 437 2395; x_wconf 87' lang='lat' dir='ltr'><strong>non</strong></span> <span class='ocrx_word' id='word_1_182' title='bbox 470 2344 774 2410; x_wconf 85' lang='lat' dir='ltr'><strong>respondit,</strong></span> <span class='ocrx_word' id='word_1_183' title='bbox 840 2346 986 2413; x_wconf 88' lang='lat' dir='ltr'><strong>quod</strong></span> <span class='ocrx_word' id='word_1_184' title='bbox 1026 2362 1123 2416; x_wconf 84' lang='lat' dir='ltr'><strong>ego</strong></span> <span class='ocrx_word' id='word_1_185' title='bbox 1162 2345 1336 2395; x_wconf 88' lang='lat' dir='ltr'><strong>solum</strong></span> <span class='ocrx_word' id='word_1_186' title='bbox 1372 2342 1555 2391; x_wconf 86' lang='lat' dir='ltr'><strong>audire</strong></span> <span class='ocrx_word' id='word_1_187' title='bbox 1597 2357 1685 2391; x_wconf 89' lang='lat' dir='ltr'><strong>vo·</strong></span> 
     </span>
     <span class='ocr_line' id='line_1_26' title="bbox 118 2428 1684 2499; baseline -0.002 -22"><span class='ocrx_word' id='word_1_188' title='bbox 118 2428 352 2487; x_wconf 89' lang='lat' dir='ltr'><strong>lueram,</strong></span> <span class='ocrx_word' id='word_1_189' title='bbox 393 2440 600 2498; x_wconf 85' lang='lat' dir='ltr'><strong>egomet</strong></span> <span class='ocrx_word' id='word_1_190' title='bbox 626 2429 815 2489; x_wconf 82' lang='lat' dir='ltr'><strong>dicam,</strong></span> <span class='ocrx_word' id='word_1_191' title='bbox 855 2431 988 2499; x_wconf 86' lang='lat' dir='ltr'><strong>quid</strong></span> <span class='ocrx_word' id='word_1_192' title='bbox 1013 2442 1234 2498; x_wconf 84' lang='lat' dir='ltr'><strong>uterque</strong></span> <span class='ocrx_word' id='word_1_193' title='bbox 1260 2430 1476 2498; x_wconf 81' lang='lat' dir='ltr'><strong>cogitet.</strong></span> <span class='ocrx_word' id='word_1_194' title='bbox 1549 2428 1684 2476; x_wconf 89' lang='lat' dir='ltr'><strong>Nam</strong></span> 
     </span>
     <span class='ocr_line' id='line_1_27' title="bbox 120 2513 1684 2581; baseline -0.001 -18"><span class='ocrx_word' id='word_1_195' title='bbox 120 2524 174 2563; x_wconf 86' lang='lat' dir='ltr'><strong>et</strong></span> <span class='ocrx_word' id='word_1_196' title='bbox 212 2526 274 2563; x_wconf 89' lang='lat' dir='ltr'><strong>tu</strong></span> <span class='ocrx_word' id='word_1_197' title='bbox 315 2513 503 2562; x_wconf 89' lang='lat' dir='ltr'><strong>mulier</strong></span> <span class='ocrx_word' id='word_1_198' title='bbox 543 2517 803 2581; x_wconf 87' lang='lat' dir='ltr'><strong>optimum</strong></span> <span class='ocrx_word' id='word_1_199' title='bbox 832 2517 1006 2566; x_wconf 90' lang='lat' dir='ltr'><strong>virum</strong></span> <span class='ocrx_word' id='word_1_200' title='bbox 1046 2516 1125 2565; x_wconf 88' lang='lat' dir='ltr'><strong>vis</strong></span> <span class='ocrx_word' id='word_1_201' title='bbox 1152 2513 1374 2572; x_wconf 87' lang='lat' dir='ltr'><strong>habere,</strong></span> <span class='ocrx_word' id='word_1_202' title='bbox 1416 2525 1468 2563; x_wconf 89' lang='lat' dir='ltr'><strong>et</strong></span> <span class='ocrx_word' id='word_1_203' title='bbox 1495 2524 1557 2562; x_wconf 81' lang='lat' dir='ltr'><strong>tu</strong></span> <span class='ocrx_word' id='word_1_204' title='bbox 1585 2515 1684 2562; x_wconf 90' lang='lat' dir='ltr'><strong>Xe-</strong></span> 
     </span>
     <span class='ocr_line' id='line_1_28' title="bbox 121 2597 1680 2664; baseline 0 -18"><span class='ocrx_word' id='word_1_205' title='bbox 121 2597 340 2664; x_wconf 87' lang='lat' dir='ltr'><strong>nophon</strong></span> <span class='ocrx_word' id='word_1_206' title='bbox 392 2615 610 2648; x_wconf 84' lang='lat' dir='ltr'><strong>uxorem</strong></span> <span class='ocrx_word' id='word_1_207' title='bbox 660 2598 852 2649; x_wconf 85' lang='lat' dir='ltr'><strong>hahere</strong></span> <span class='ocrx_word' id='word_1_208' title='bbox 903 2600 1244 2661; x_wconf 81' lang='lat' dir='ltr'><strong>lectissimam</strong></span> <span class='ocrx_word' id='word_1_209' title='bbox 1311 2600 1534 2649; x_wconf 87' lang='lat' dir='ltr'><strong>maxime</strong></span> <span class='ocrx_word' id='word_1_210' title='bbox 1586 2602 1680 2649; x_wconf 89' lang='lat' dir='ltr'><strong>vis.</strong></span> 
     </span>
     <span class='ocr_line' id='line_1_29' title="bbox 122 2682 1681 2754; baseline 0 -24"><span class='ocrx_word' id='word_1_211' title='bbox 122 2682 328 2747; x_wconf 89' lang='lat' dir='ltr'><strong>Quare,</strong></span> <span class='ocrx_word' id='word_1_212' title='bbox 368 2685 474 2732; x_wconf 89' lang='lat' dir='ltr'><strong>nisi</strong></span> <span class='ocrx_word' id='word_1_213' title='bbox 508 2682 611 2733; x_wconf 91' lang='lat' dir='ltr'><strong>hoc</strong></span> <span class='ocrx_word' id='word_1_214' title='bbox 648 2682 1001 2752; x_wconf 69' lang='lat' dir='ltr'><strong>perfeceritiS,</strong></span> <span class='ocrx_word' id='word_1_215' title='bbox 1055 2697 1123 2734; x_wconf 81' lang='lat' dir='ltr'><strong>ut.</strong></span> <span class='ocrx_word' id='word_1_216' title='bbox 1151 2701 1322 2754; x_wconf 85' lang='lat' dir='ltr'><strong>neque</strong></span> <span class='ocrx_word' id='word_1_217' title='bbox 1360 2686 1442 2735; x_wconf 88' lang='lat' dir='ltr'><strong>vir</strong></span> <span class='ocrx_word' id='word_1_218' title='bbox 1477 2682 1681 2741; x_wconf 77' lang='lat' dir='ltr'><strong>melior,</strong></span> 
     </span>
     <span class='ocr_line' id='line_1_30' title="bbox 62 2760 1681 2838; baseline 0.001 -23"><span class='ocrx_word' id='word_1_219' title='bbox 62 2760 66 2765; x_wconf 18' lang='lat' dir='ltr'>x</span> <span class='ocrx_word' id='word_1_220' title='bbox 121 2783 292 2836; x_wconf 87' lang='lat' dir='ltr'><strong>neque</strong></span> <span class='ocrx_word' id='word_1_221' title='bbox 326 2765 526 2819; x_wconf 87' lang='lat' dir='ltr'><strong>femina</strong></span> <span class='ocrx_word' id='word_1_222' title='bbox 560 2769 747 2822; x_wconf 82' lang='lat' dir='ltr'><strong>lectior</strong></span> <span class='ocrx_word' id='word_1_223' title='bbox 773 2773 829 2822; x_wconf 88' lang='lat' dir='ltr'><strong>in</strong></span> <span class='ocrx_word' id='word_1_224' title='bbox 867 2773 1022 2822; x_wconf 86' lang='lat' dir='ltr'><strong>terris</strong></span> <span class='ocrx_word' id='word_1_225' title='bbox 1062 2772 1160 2829; x_wconf 88' lang='lat' dir='ltr'><strong>sit,</strong></span> <span class='ocrx_word' id='word_1_226' title='bbox 1197 2767 1439 2838; x_wconf 81' lang='lat' dir='ltr'><strong>profecto</strong></span> <span class='ocrx_word' id='word_1_227' title='bbox 1467 2769 1522 2819; x_wconf 83' lang='lat' dir='ltr'><strong>id</strong></span> <span class='ocrx_word' id='word_1_228' title='bbox 1551 2785 1681 2819; x_wconf 86' lang='lat' dir='ltr'><strong>sem·</strong></span> 
     </span>
    </p>
   </div>
   <div class='ocr_carea' id='block_1_3' title="bbox 1835 524 1847 544">
    <p class='ocr_par' dir='ltr' id='par_1_3' title="bbox 1835 524 1847 544">
     <span class='ocr_line' id='line_1_31' title="bbox 1835 524 1847 544; baseline 0 0"><span class='ocrx_word' id='word_1_229' title='bbox 1835 524 1847 544; x_wconf 61' lang='grc' dir='ltr'>ἱ</span> 
     </span>
    </p>
   </div>
  </div>
 </body>
</html>
