<?xml version="1.0" encoding="UTF-8"?>
<!DOCTYPE html PUBLIC "-//W3C//DTD XHTML 1.0 Transitional//EN"
    "http://www.w3.org/TR/xhtml1/DTD/xhtml1-transitional.dtd">
<html xmlns="http://www.w3.org/1999/xhtml" xml:lang="en" lang="en">
 <head>
  <title>
</title>
<meta http-equiv="Content-Type" content="text/html;charset=utf-8" />
  <meta name='ocr-system' content='tesseract 3.04.00' />
  <meta name='ocr-capabilities' content='ocr_page ocr_carea ocr_par ocr_line ocrx_word'/>
</head>
<body>
  <div class='ocr_page' id='page_1' title='image "./p1selectedworkso01ciceuoft_0376.png"; bbox 0 0 1878 3198; ppageno 0'>
   <div class='ocr_carea' id='block_1_1' title="bbox 790 6 807 32">
    <p class='ocr_par' dir='ltr' id='par_1_1' title="bbox 790 6 807 32">
     <span class='ocr_line' id='line_1_1' title="bbox 790 6 807 32; baseline 0 0"><span class='ocrx_word' id='word_1_1' title='bbox 790 6 807 32; x_wconf 64' lang='lat' dir='ltr'>N</span> 
     </span>
    </p>
   </div>
   <div class='ocr_carea' id='block_1_2' title="bbox 150 177 1294 245">
    <p class='ocr_par' dir='ltr' id='par_1_2' title="bbox 150 177 1405 253">
     <span class='ocr_line' id='line_1_2' title="bbox 150 177 1294 245; baseline 0 -23"><span class='ocrx_word' id='word_1_2' title='bbox 150 240 155 245; x_wconf 18' lang='lat'><strong>·</strong></span> <span class='ocrx_word' id='word_1_3' title='bbox 223 188 327 242; x_wconf 70' lang='lat'><strong>512</strong></span> <span class='ocrx_word' id='word_1_4' title='bbox 423 233 426 238; x_wconf 21' lang='lat'><strong>¹</strong></span> <span class='ocrx_word' id='word_1_5' title='bbox 630 177 1294 232; x_wconf 15' lang='lat' dir='ltr'>.c-1CER0N*15</span> 
     </span>
    </p>
   </div>
   <div class='ocr_carea' id='block_1_3' title="bbox 147 317 1875 2808">
    <p class='ocr_par' dir='ltr' id='par_1_3' title="bbox 224 317 1863 494">
     <span class='ocr_line' id='line_1_3' title="bbox 224 317 1796 399; baseline 0.001 -11"><span class='ocrx_word' id='word_1_6' title='bbox 224 337 366 388; x_wconf 86' lang='lat' dir='ltr'><strong>idem</strong></span> <span class='ocrx_word' id='word_1_7' title='bbox 392 334 631 396; x_wconf 69' lang='lat' dir='ltr'><strong>facturos</strong></span> <span class='ocrx_word' id='word_1_8' title='bbox 658 336 826 389; x_wconf 88' lang='lat' dir='ltr'><strong>fuisse</strong></span> <span class='ocrx_word' id='word_1_9' title='bbox 854 317 1212 399; x_wconf 71' lang='lat' dir='ltr'><strong>arbitrentur,</strong></span> <span class='ocrx_word' id='word_1_10' title='bbox 1253 340 1299 389; x_wconf 90' lang='lat' dir='ltr'><strong>si</strong></span> <span class='ocrx_word' id='word_1_11' title='bbox 1325 320 1438 389; x_wconf 63' lang='lat' dir='ltr'><strong>sibi&#39;</strong></span> <span class='ocrx_word' id='word_1_12' title='bbox 1456 329 1547 394; x_wconf 83' lang='lat' dir='ltr'><strong>illa</strong></span> <span class='ocrx_word' id='word_1_13' title='bbox 1568 354 1682 398; x_wconf 70' lang='lat' dir='ltr'><strong>ree,</strong></span> <span class='ocrx_word' id='word_1_14' title='bbox 1699 350 1796 392; x_wconf 61' lang='grc' dir='ltr'><strong>-ιε-</strong></span> 
     </span>
     <span class='ocr_line' id='line_1_4' title="bbox 224 411 1863 494; baseline 0.002 -22"><span class='ocrx_word' id='word_1_15' title='bbox 224 440 329 494; x_wconf 83' lang='lat' dir='ltr'><strong>que</strong></span> <span class='ocrx_word' id='word_1_16' title='bbox 366 421 427 473; x_wconf 87' lang='lat' dir='ltr'><strong>ea</strong></span> <span class='ocrx_word' id='word_1_17' title='bbox 463 421 694 476; x_wconf 83' lang='lat' dir='ltr'><strong>faciendi</strong></span> <span class='ocrx_word' id='word_1_18' title='bbox 734 411 891 476; x_wconf 76' lang='lat' dir='ltr'><strong>causa</strong></span> <span class='ocrx_word' id='word_1_19' title='bbox 928 442 1022 493; x_wconf 81' lang='lat' dir='ltr'><strong>per</strong></span> <span class='ocrx_word' id='word_1_20' title='bbox 1059 425 1201 476; x_wconf 86' lang='lat' dir='ltr'><strong>idem</strong></span> <span class='ocrx_word' id='word_1_21' title='bbox 1243 436 1454 493; x_wconf 87' lang='lat' dir='ltr'><strong>tempus</strong></span> <span class='ocrx_word' id='word_1_22' title='bbox 1494 419 1794 477; x_wconf 67' lang='lat' dir='ltr'><strong>abcidisset.</strong></span> <span class='ocrx_word' id='word_1_23' title='bbox 1861 416 1863 419; x_wconf 12' lang='grc' dir='ltr'><em>Α</em></span> 
     </span>
    </p>

    <p class='ocr_par' dir='ltr' id='par_1_4' title="bbox 147 494 1875 2105">
     <span class='ocr_line' id='line_1_5' title="bbox 333 494 1800 581; baseline 0.001 -23"><span class='ocrx_word' id='word_1_24' title='bbox 333 511 416 559; x_wconf 86' lang='lat'><strong>26.</strong></span> <span class='ocrx_word' id='word_1_25' title='bbox 481 511 759 563; x_wconf 83' lang='lat' dir='ltr'>Relatio</span> <span class='ocrx_word' id='word_1_26' title='bbox 803 494 1125 561; x_wconf 83' lang='lat' dir='ltr'><strong>criminis</strong></span> <span class='ocrx_word' id='word_1_27' title='bbox 1166 522 1274 570; x_wconf 87' lang='lat' dir='ltr'><strong>est,</strong></span> <span class='ocrx_word' id='word_1_28' title='bbox 1341 494 1674 581; x_wconf 32' lang='lat' dir='ltr'><strong>quumsreus</strong></span> <span class='ocrx_word' id='word_1_29' title='bbox 1719 510 1800 574; x_wconf 73' lang='lat' dir='ltr'><strong>id,</strong></span> 
     </span>
     <span class='ocr_line' id='line_1_6' title="bbox 223 582 1798 668; baseline 0.002 -24"><span class='ocrx_word' id='word_1_30' title='bbox 223 588 372 663; x_wconf 81' lang='lat' dir='ltr'><strong>quod</strong></span> <span class='ocrx_word' id='word_1_31' title='bbox 414 599 688 668; x_wconf 82' lang='lat' dir='ltr'><strong>arguitur,</strong></span> <span class='ocrx_word' id='word_1_32' title='bbox 754 582 1062 656; x_wconf 67' lang='lat' dir='ltr'><strong>confessus,</strong></span> <span class='ocrx_word' id='word_1_33' title='bbox 1136 597 1353 648; x_wconf 88' lang='lat' dir='ltr'><strong>alterius</strong></span> <span class='ocrx_word' id='word_1_34' title='bbox 1405 614 1460 647; x_wconf 86' lang='lat' dir='ltr'><strong>se</strong></span> <span class='ocrx_word' id='word_1_35' title='bbox 1516 586 1798 667; x_wconf 72' lang='lat' dir='ltr'><strong>inductum</strong></span> 
     </span>
     <span class='ocr_line' id='line_1_7' title="bbox 219 681 1795 746; baseline 0.004 -18"><span class='ocrx_word' id='word_1_36' title='bbox 219 693 474 746; x_wconf 85' lang='lat' dir='ltr'><strong>peccato,</strong></span> <span class='ocrx_word' id='word_1_37' title='bbox 535 685 651 732; x_wconf 86' lang='lat' dir='ltr'><strong>iure</strong></span> <span class='ocrx_word' id='word_1_38' title='bbox 701 681 890 734; x_wconf 88' lang='lat' dir='ltr'><strong>fecisse</strong></span> <span class='ocrx_word' id='word_1_39' title='bbox 939 684 1284 734; x_wconf 85' lang='lat' dir='ltr'><strong>demonstrat.</strong></span> <span class='ocrx_word' id='word_1_40' title='bbox 1385 685 1464 733; x_wconf 82' lang='lat' dir='ltr'><strong>Ea</strong></span> <span class='ocrx_word' id='word_1_41' title='bbox 1498 692 1579 740; x_wconf 77' lang='lat' dir='ltr'><strong>est</strong></span> <span class='ocrx_word' id='word_1_42' title='bbox 1609 681 1795 734; x_wconf 86' lang='lat' dir='ltr'><strong>huius·</strong></span> 
     </span>
     <span class='ocr_line' id='line_1_8' title="bbox 219 766 1794 833; baseline 0.006 -20"><span class='ocrx_word' id='word_1_43' title='bbox 219 766 398 815; x_wconf 87' lang='lat' dir='ltr'><strong>modi:</strong></span> <span class='ocrx_word' id='word_1_44' title='bbox 440 803 475 826; x_wconf 92' lang='lat'><strong>„</strong></span> <span class='ocrx_word' id='word_1_45' title='bbox 493 769 740 820; x_wconf 81' lang='lat' dir='ltr'><strong>Horatius</strong></span> <span class='ocrx_word' id='word_1_46' title='bbox 771 769 1154 833; x_wconf 69' lang='lat' dir='ltr'><strong>occisistribus</strong></span> <span class='ocrx_word' id='word_1_47' title='bbox 1181 770 1464 829; x_wconf 81' lang='lat' dir='ltr'><strong>Curiatiis,</strong></span> <span class='ocrx_word' id='word_1_48' title='bbox 1503 780 1556 819; x_wconf 86' lang='lat' dir='ltr'><strong>et</strong></span> <span class='ocrx_word' id='word_1_49' title='bbox 1581 767 1794 822; x_wconf 74' lang='lat' dir='ltr'><strong>duobus</strong></span> 
     </span>
     <span class='ocr_line' id='line_1_9' title="bbox 220 851 1796 924; baseline 0.003 -24"><span class='ocrx_word' id='word_1_50' title='bbox 220 854 428 907; x_wconf 81' lang='lat' dir='ltr'><strong>amissis</strong></span> <span class='ocrx_word' id='word_1_51' title='bbox 478 851 769 916; x_wconf 80' lang='lat' dir='ltr'><strong>fratrihuS,</strong></span> <span class='ocrx_word' id='word_1_52' title='bbox 844 856 1065 907; x_wconf 88' lang='lat' dir='ltr'><strong>domum</strong></span> <span class='ocrx_word' id='word_1_53' title='bbox 1116 873 1171 905; x_wconf 87' lang='lat' dir='ltr'><strong>se</strong></span> <span class='ocrx_word' id='word_1_54' title='bbox 1218 857 1391 906; x_wconf 89' lang='lat' dir='ltr'><strong>victor</strong></span> <span class='ocrx_word' id='word_1_55' title='bbox 1440 857 1655 924; x_wconf 83' lang='lat' dir='ltr'><strong>recepit.</strong></span> <span class='ocrx_word' id='word_1_56' title='bbox 1743 854 1796 904; x_wconf 75' lang='lat' dir='ltr'><strong>Is</strong></span> 
     </span>
     <span class='ocr_line' id='line_1_10' title="bbox 220 937 1800 1008; baseline 0.002 -22"><span class='ocrx_word' id='word_1_57' title='bbox 220 939 595 991; x_wconf 88' lang='lat' dir='ltr'><strong>animadvertit</strong></span> <span class='ocrx_word' id='word_1_58' title='bbox 642 959 880 992; x_wconf 88' lang='lat' dir='ltr'><strong>sororem</strong></span> <span class='ocrx_word' id='word_1_59' title='bbox 918 960 1068 1008; x_wconf 89' lang='lat' dir='ltr'><strong>suam</strong></span> <span class='ocrx_word' id='word_1_60' title='bbox 1107 942 1172 991; x_wconf 90' lang='lat' dir='ltr'><strong>de</strong></span> <span class='ocrx_word' id='word_1_61' title='bbox 1213 937 1439 990; x_wconf 86' lang='lat' dir='ltr'><strong>fratrum</strong></span> <span class='ocrx_word' id='word_1_62' title='bbox 1476 951 1662 990; x_wconf 88' lang='lat' dir='ltr'><strong>morte·</strong></span> <span class='ocrx_word' id='word_1_63' title='bbox 1686 955 1800 989; x_wconf 83' lang='lat' dir='ltr'><strong>non</strong></span> 
     </span>
     <span class='ocr_line' id='line_1_11' title="bbox 147 1024 1795 1096; baseline 0.001 -23"><span class='ocrx_word' id='word_1_64' title='bbox 147 1045 152 1047; x_wconf 68' lang='grc'><strong>-</strong></span> <span class='ocrx_word' id='word_1_65' title='bbox 219 1024 553 1076; x_wconf 76' lang='lat' dir='ltr'><strong>laborantem</strong></span> <span class='ocrx_word' id='word_1_66' title='bbox 571 1063 593 1085; x_wconf 51' lang='lat'><strong>,=</strong></span> <span class='ocrx_word' id='word_1_67' title='bbox 640 1030 823 1096; x_wconf 88' lang='lat' dir='ltr'><strong>sponsi</strong></span> <span class='ocrx_word' id='word_1_68' title='bbox 852 1040 1029 1078; x_wconf 89' lang='lat' dir='ltr'><strong>autem</strong></span> <span class='ocrx_word' id='word_1_69' title='bbox 1056 1044 1250 1077; x_wconf 87' lang='lat' dir='ltr'><strong>nomen</strong></span> <span class='ocrx_word' id='word_1_70' title='bbox 1276 1025 1626 1094; x_wconf 79' lang='lat' dir='ltr'><strong>appellantem</strong></span> <span class='ocrx_word' id='word_1_71' title='bbox 1650 1025 1795 1077; x_wconf 87' lang='lat' dir='ltr'><strong>iden·</strong></span> 
     </span>
     <span class='ocr_line' id='line_1_12' title="bbox 220 1095 1839 1185; baseline 0.001 -26"><span class='ocrx_word' id='word_1_72' title='bbox 220 1111 386 1168; x_wconf 76' lang='lat' dir='ltr'><strong>tidem</strong></span> <span class='ocrx_word' id='word_1_73' title='bbox 405 1113 629 1163; x_wconf 87' lang='lat' dir='ltr'><strong>Curiatii</strong></span> <span class='ocrx_word' id='word_1_74' title='bbox 652 1131 775 1163; x_wconf 85' lang='lat' dir='ltr'><strong>cum</strong></span> <span class='ocrx_word' id='word_1_75' title='bbox 798 1116 1000 1185; x_wconf 86' lang='lat' dir='ltr'><strong>gemitu</strong></span> <span class='ocrx_word' id='word_1_76' title='bbox 1026 1126 1078 1164; x_wconf 86' lang='lat' dir='ltr'><strong>et</strong></span> <span class='ocrx_word' id='word_1_77' title='bbox 1103 1113 1498 1162; x_wconf 84' lang='lat' dir='ltr'><strong>lamentatione.</strong></span> <span class='ocrx_word' id='word_1_78' title='bbox 1573 1095 1796 1182; x_wconf 70' lang='lat' dir='ltr'><strong>Indigno</strong></span> <span class='ocrx_word' id='word_1_79' title='bbox 1827 1107 1839 1114; x_wconf 69' lang='grc'>’</span> 
     </span>
     <span class='ocr_line' id='line_1_13' title="bbox 216 1191 1859 1270; baseline 0.001 -25"><span class='ocrx_word' id='word_1_80' title='bbox 216 1215 425 1264; x_wconf 82' lang='lat' dir='ltr'><strong>passus,</strong></span> <span class='ocrx_word' id='word_1_81' title='bbox 456 1201 717 1270; x_wconf 87' lang='lat' dir='ltr'><strong>virginem</strong></span> <span class='ocrx_word' id='word_1_82' title='bbox 746 1200 960 1250; x_wconf 88' lang='lat' dir='ltr'><strong>occidit.</strong></span> <span class='ocrx_word' id='word_1_83' title='bbox 1013 1191 1367 1249; x_wconf 61' lang='lat' dir='ltr'><strong>Accusatur.&#39;“</strong></span> <span class='ocrx_word' id='word_1_84' title='bbox 1392 1198 1652 1265; x_wconf 9' lang='lat' dir='ltr'><strong>*Intentio</strong></span> <span class='ocrx_word' id='word_1_85' title='bbox 1682 1198 1795 1246; x_wconf 64' lang='lat' dir='ltr'><strong>esta</strong></span> <span class='ocrx_word' id='word_1_86' title='bbox 1851 1244 1859 1246; x_wconf 21' lang='lat' dir='ltr'><em>ff</em></span> 
     </span>
     <span class='ocr_line' id='line_1_14' title="bbox 217 1283 1795 1352; baseline 0.001 -22"><span class='ocrx_word' id='word_1_87' title='bbox 217 1283 461 1340; x_wconf 86' lang='lat' dir='ltr'><strong>„Iniuria</strong></span> <span class='ocrx_word' id='word_1_88' title='bbox 485 1302 721 1335; x_wconf 83' lang='lat' dir='ltr'><strong>sororem</strong></span> <span class='ocrx_word' id='word_1_89' title='bbox 750 1286 1054 1336; x_wconf 85' lang='lat' dir='ltr'><strong>occidisti.“</strong></span> <span class='ocrx_word' id='word_1_90' title='bbox 1092 1284 1346 1352; x_wconf 89' lang='lat' dir='ltr'><strong>Depulsio</strong></span> <span class='ocrx_word' id='word_1_91' title='bbox 1374 1295 1481 1333; x_wconf 82' lang='lat' dir='ltr'><strong>est:</strong></span> <span class='ocrx_word' id='word_1_92' title='bbox 1523 1284 1682 1341; x_wconf 88' lang='lat' dir='ltr'><strong>„Iure</strong></span> <span class='ocrx_word' id='word_1_93' title='bbox 1709 1299 1795 1332; x_wconf 88' lang='lat' dir='ltr'><strong>oc·</strong></span> 
     </span>
     <span class='ocr_line' id='line_1_15' title="bbox 218 1367 1795 1436; baseline 0 -19"><span class='ocrx_word' id='word_1_94' title='bbox 218 1368 400 1418; x_wconf 50' lang='lat' dir='ltr'><strong>cidiae‘</strong></span> <span class='ocrx_word' id='word_1_95' title='bbox 478 1370 734 1436; x_wconf 83' lang='lat' dir='ltr'><strong>Quaestio</strong></span> <span class='ocrx_word' id='word_1_96' title='bbox 775 1382 886 1421; x_wconf 83' lang='lat' dir='ltr'><strong>est:</strong></span> <span class='ocrx_word' id='word_1_97' title='bbox 939 1372 1176 1430; x_wconf 89' lang='lat' dir='ltr'><strong>„Iurene</strong></span> <span class='ocrx_word' id='word_1_98' title='bbox 1211 1367 1555 1419; x_wconf 72' lang='lat' dir='ltr'><strong>occiderit‘2“</strong></span> <span class='ocrx_word' id='word_1_99' title='bbox 1630 1369 1795 1418; x_wconf 83' lang='lat' dir='ltr'><strong>Ratio</strong></span> 
     </span>
     <span class='ocr_line' id='line_1_16' title="bbox 218 1441 1796 1525; baseline 0.001 -22"><span class='ocrx_word' id='word_1_100' title='bbox 218 1453 329 1504; x_wconf 77' lang='lat' dir='ltr'><strong>est:</strong></span> <span class='ocrx_word' id='word_1_101' title='bbox 382 1454 532 1513; x_wconf 91' lang='lat' dir='ltr'><strong>„Illa</strong></span> <span class='ocrx_word' id='word_1_102' title='bbox 570 1457 711 1505; x_wconf 89' lang='lat' dir='ltr'><strong>enim</strong></span> <span class='ocrx_word' id='word_1_103' title='bbox 750 1441 989 1507; x_wconf 88' lang='lat' dir='ltr'><strong>hostium</strong></span> <span class='ocrx_word' id='word_1_104' title='bbox 1027 1466 1255 1505; x_wconf 86' lang='lat' dir='ltr'><strong>mortem</strong></span> <span class='ocrx_word' id='word_1_105' title='bbox 1282 1452 1528 1525; x_wconf 87' lang='lat' dir='ltr'><strong>lugebat,</strong></span> <span class='ocrx_word' id='word_1_106' title='bbox 1566 1451 1796 1506; x_wconf 84' lang='lat' dir='ltr'><strong>fratrum</strong></span> 
     </span>
     <span class='ocr_line' id='line_1_17' title="bbox 217 1524 1850 1610; baseline 0.003 -23"><span class='ocrx_word' id='word_1_107' title='bbox 217 1538 549 1610; x_wconf 83' lang='lat' dir='ltr'><strong>negligebat3</strong></span> <span class='ocrx_word' id='word_1_108' title='bbox 611 1559 697 1592; x_wconf 91' lang='lat' dir='ltr'><strong>me</strong></span> <span class='ocrx_word' id='word_1_109' title='bbox 734 1554 786 1592; x_wconf 87' lang='lat' dir='ltr'><strong>et</strong></span> <span class='ocrx_word' id='word_1_110' title='bbox 821 1542 1080 1610; x_wconf 87' lang='lat' dir='ltr'><strong>populum</strong></span> <span class='ocrx_word' id='word_1_111' title='bbox 1116 1544 1417 1591; x_wconf 72' lang='lat' dir='ltr'><strong>Romanum</strong></span> <span class='ocrx_word' id='word_1_112' title='bbox 1452 1542 1644 1592; x_wconf 85' lang='lat' dir='ltr'><strong>vicisse</strong></span> <span class='ocrx_word' id='word_1_113' title='bbox 1681 1557 1796 1594; x_wconf 83' lang='lat' dir='ltr'><strong>mo·</strong></span> <span class='ocrx_word' id='word_1_114' title='bbox 1846 1524 1850 1531; x_wconf 20' lang='grc' dir='ltr'>ἱ</span> 
     </span>
     <span class='ocr_line' id='line_1_18' title="bbox 215 1623 1795 1685; baseline 0.003 -12"><span class='ocrx_word' id='word_1_115' title='bbox 215 1623 347 1679; x_wconf 78' lang='lat' dir='ltr'><strong>leste</strong></span> <span class='ocrx_word' id='word_1_116' title='bbox 385 1623 605 1678; x_wconf 87' lang='lat' dir='ltr'><strong>ferebat.</strong></span> <span class='ocrx_word' id='word_1_117' title='bbox 626 1635 661 1658; x_wconf 79' lang='lat'><strong>‘⁶</strong></span> <span class='ocrx_word' id='word_1_118' title='bbox 758 1625 1056 1677; x_wconf 89' lang='lat' dir='ltr'><strong>Infirmatio</strong></span> <span class='ocrx_word' id='word_1_119' title='bbox 1105 1638 1212 1677; x_wconf 84' lang='lat' dir='ltr'><strong>est:</strong></span> <span class='ocrx_word' id='word_1_120' title='bbox 1276 1629 1527 1685; x_wconf 87' lang='lat' dir='ltr'><strong>„Tamen</strong></span> <span class='ocrx_word' id='word_1_121' title='bbox 1564 1644 1594 1677; x_wconf 89' lang='lat' dir='ltr'><strong>a</strong></span> <span class='ocrx_word' id='word_1_122' title='bbox 1630 1624 1795 1677; x_wconf 80' lang='lat' dir='ltr'><strong>fratre</strong></span> 
     </span>
     <span class='ocr_line' id='line_1_19' title="bbox 215 1711 1792 1782; baseline 0.003 -24"><span class='ocrx_word' id='word_1_123' title='bbox 215 1711 579 1762; x_wconf 87' lang='lat' dir='ltr'><strong>indemnatam</strong></span> <span class='ocrx_word' id='word_1_124' title='bbox 615 1715 794 1763; x_wconf 87' lang='lat' dir='ltr'><strong>necari</strong></span> <span class='ocrx_word' id='word_1_125' title='bbox 841 1731 951 1763; x_wconf 88' lang='lat' dir='ltr'><strong>non</strong></span> <span class='ocrx_word' id='word_1_126' title='bbox 992 1715 1247 1781; x_wconf 83' lang='lat' dir='ltr'><strong>oportuit.</strong></span> <span class='ocrx_word' id='word_1_127' title='bbox 1268 1719 1304 1743; x_wconf 89' lang='lat'><strong>“</strong></span> <span class='ocrx_word' id='word_1_128' title='bbox 1394 1712 1792 1782; x_wconf 82' lang='lat' dir='ltr'><strong>Ex&#39;quai&#39;udi-</strong></span> 
     </span>
     <span class='ocr_line' id='line_1_20' title="bbox 219 1795 1798 1869; baseline 0.001 -24"><span class='ocrx_word' id='word_1_129' title='bbox 219 1799 359 1847; x_wconf 87' lang='lat' dir='ltr'><strong>catio</strong></span> <span class='ocrx_word' id='word_1_130' title='bbox 397 1795 492 1849; x_wconf 88' lang='lat' dir='ltr'><strong>fit:</strong></span> <span class='ocrx_word' id='word_1_131' title='bbox 562 1799 797 1866; x_wconf 84' lang='lat' dir='ltr'><strong>„Quum</strong></span> <span class='ocrx_word' id='word_1_132' title='bbox 836 1801 1058 1849; x_wconf 89' lang='lat' dir='ltr'><strong>Horatia</strong></span> <span class='ocrx_word' id='word_1_133' title='bbox 1106 1795 1331 1847; x_wconf 89' lang='lat' dir='ltr'><strong>fratrum</strong></span> <span class='ocrx_word' id='word_1_134' title='bbox 1366 1809 1592 1848; x_wconf 88' lang='lat' dir='ltr'><strong>mortem</strong></span> <span class='ocrx_word' id='word_1_135' title='bbox 1629 1797 1798 1869; x_wconf 87' lang='lat' dir='ltr'><strong>negli-·</strong></span> 
     </span>
     <span class='ocr_line' id='line_1_21' title="bbox 214 1880 1793 1955; baseline 0.001 -25"><span class='ocrx_word' id='word_1_136' title='bbox 214 1894 388 1951; x_wconf 90' lang='lat' dir='ltr'><strong>geret,</strong></span> <span class='ocrx_word' id='word_1_137' title='bbox 447 1883 687 1934; x_wconf 88' lang='lat' dir='ltr'><strong>hostium</strong></span> <span class='ocrx_word' id='word_1_138' title='bbox 725 1884 958 1955; x_wconf 88' lang='lat' dir='ltr'><strong>lugeret,</strong></span> <span class='ocrx_word' id='word_1_139' title='bbox 1023 1880 1202 1932; x_wconf 88' lang='lat' dir='ltr'><strong>fratris</strong></span> <span class='ocrx_word' id='word_1_140' title='bbox 1250 1895 1302 1933; x_wconf 90' lang='lat' dir='ltr'><strong>et</strong></span> <span class='ocrx_word' id='word_1_141' title='bbox 1336 1883 1523 1951; x_wconf 86' lang='lat' dir='ltr'><strong>populi</strong></span> <span class='ocrx_word' id='word_1_142' title='bbox 1561 1883 1793 1934; x_wconf 83' lang='lat' dir='ltr'><strong>Romani</strong></span> 
     </span>
     <span class='ocr_line' id='line_1_22' title="bbox 214 1965 1875 2040; baseline 0.001 -22"><span class='ocrx_word' id='word_1_143' title='bbox 214 1968 442 2018; x_wconf 87' lang='lat' dir='ltr'><strong>victoria</strong></span> <span class='ocrx_word' id='word_1_144' title='bbox 492 1986 607 2030; x_wconf 71' lang='lat' dir='ltr'><strong>nou⁴</strong></span> <span class='ocrx_word' id='word_1_145' title='bbox 646 1969 928 2040; x_wconf 85' lang='lat' dir='ltr'><strong>gauderet,</strong></span> <span class='ocrx_word' id='word_1_146' title='bbox 992 1970 1358 2036; x_wconf 85' lang='lat' dir='ltr'><strong>oportueritne</strong></span> <span class='ocrx_word' id='word_1_147' title='bbox 1401 1985 1523 2036; x_wconf 54' lang='lat' dir='ltr'><strong>¹eam</strong></span> <span class='ocrx_word' id='word_1_148' title='bbox 1560 1986 1588 2026; x_wconf 87' lang='lat' dir='ltr'><strong>a</strong></span> <span class='ocrx_word' id='word_1_149' title='bbox 1626 1965 1791 2019; x_wconf 78' lang='lat' dir='ltr'><strong>fratre</strong></span> <span class='ocrx_word' id='word_1_150' title='bbox 1866 2010 1875 2027; x_wconf 30' lang='grc' dir='ltr'>χ</span> 
     </span>
     <span class='ocr_line' id='line_1_23' title="bbox 212 2053 883 2105; baseline 0.003 -3"><span class='ocrx_word' id='word_1_151' title='bbox 212 2053 573 2104; x_wconf 86' lang='lat' dir='ltr'><strong>indemnatam</strong></span> <span class='ocrx_word' id='word_1_152' title='bbox 614 2054 883 2105; x_wconf 73' lang='lat' dir='ltr'><strong>necari‘3“</strong></span> 
     </span>
    </p>

    <p class='ocr_par' dir='ltr' id='par_1_5' title="bbox 210 2139 1870 2808">
     <span class='ocr_line' id='line_1_24' title="bbox 325 2139 1791 2212; baseline 0.001 -24"><span class='ocrx_word' id='word_1_153' title='bbox 325 2151 409 2198; x_wconf 82' lang='lat'><strong>27.</strong></span> <span class='ocrx_word' id='word_1_154' title='bbox 451 2142 565 2191; x_wconf 89' lang='lat' dir='ltr'><strong>Hoc</strong></span> <span class='ocrx_word' id='word_1_155' title='bbox 613 2142 670 2190; x_wconf 92' lang='lat' dir='ltr'><strong>in</strong></span> <span class='ocrx_word' id='word_1_156' title='bbox 721 2157 909 2212; x_wconf 88' lang='lat' dir='ltr'><strong>genere</strong></span> <span class='ocrx_word' id='word_1_157' title='bbox 960 2157 1148 2190; x_wconf 89' lang='lat' dir='ltr'><strong>causae</strong></span> <span class='ocrx_word' id='word_1_158' title='bbox 1203 2141 1438 2208; x_wconf 82' lang='lat' dir='ltr'><strong>primum</strong></span> <span class='ocrx_word' id='word_1_159' title='bbox 1473 2141 1519 2189; x_wconf 89' lang='lat' dir='ltr'><strong>si</strong></span> <span class='ocrx_word' id='word_1_160' title='bbox 1557 2139 1690 2209; x_wconf 86' lang='lat' dir='ltr'><strong>quid</strong></span> <span class='ocrx_word' id='word_1_161' title='bbox 1727 2156 1791 2190; x_wconf 78' lang='lat' dir='ltr'><strong>ex</strong></span> 
     </span>
     <span class='ocr_line' id='line_1_25' title="bbox 214 2223 1789 2298; baseline 0.001 -25"><span class='ocrx_word' id='word_1_162' title='bbox 214 2227 399 2275; x_wconf 88' lang='lat' dir='ltr'><strong>ceteris</strong></span> <span class='ocrx_word' id='word_1_163' title='bbox 450 2225 666 2276; x_wconf 86' lang='lat' dir='ltr'><strong>dabitur</strong></span> <span class='ocrx_word' id='word_1_164' title='bbox 713 2225 1220 2284; x_wconf 88' lang='lat' dir='ltr'><strong>constitutionibus,</strong></span> <span class='ocrx_word' id='word_1_165' title='bbox 1273 2227 1413 2275; x_wconf 86' lang='lat' dir='ltr'><strong>sumi</strong></span> <span class='ocrx_word' id='word_1_166' title='bbox 1461 2223 1527 2274; x_wconf 89' lang='lat' dir='ltr'><strong>ab</strong></span> <span class='ocrx_word' id='word_1_167' title='bbox 1580 2242 1789 2298; x_wconf 56' lang='lat' dir='ltr'><strong>aegusa-</strong></span> 
     </span>
     <span class='ocr_line' id='line_1_26' title="bbox 213 2305 1870 2379; baseline 0.001 -20"><span class='ocrx_word' id='word_1_168' title='bbox 213 2323 331 2360; x_wconf 87' lang='lat' dir='ltr'><strong>tore</strong></span> <span class='ocrx_word' id='word_1_169' title='bbox 370 2311 672 2379; x_wconf 87' lang='lat' dir='ltr'><strong>oportebit,</strong></span> <span class='ocrx_word' id='word_1_170' title='bbox 737 2313 875 2363; x_wconf 88' lang='lat' dir='ltr'><strong>sicut</strong></span> <span class='ocrx_word' id='word_1_171' title='bbox 912 2313 967 2361; x_wconf 91' lang='lat' dir='ltr'><strong>in</strong></span> <span class='ocrx_word' id='word_1_172' title='bbox 1017 2305 1413 2379; x_wconf 83' lang='lat' dir='ltr'><strong>comparatione</strong></span> <span class='ocrx_word' id='word_1_173' title='bbox 1447 2321 1790 2378; x_wconf 86' lang='lat' dir='ltr'><strong>praeceptum</strong></span> <span class='ocrx_word' id='word_1_174' title='bbox 1868 2364 1870 2367; x_wconf 60' lang='grc'><strong>,</strong></span> 
     </span>
     <span class='ocr_line' id='line_1_27' title="bbox 214 2395 1788 2468; baseline -0.001 -23"><span class='ocrx_word' id='word_1_175' title='bbox 214 2408 321 2456; x_wconf 89' lang='lat' dir='ltr'><strong>est;</strong></span> <span class='ocrx_word' id='word_1_176' title='bbox 364 2410 549 2465; x_wconf 88' lang='lat' dir='ltr'><strong>postea</strong></span> <span class='ocrx_word' id='word_1_177' title='bbox 587 2400 631 2449; x_wconf 92' lang='lat' dir='ltr'><strong>si</strong></span> <span class='ocrx_word' id='word_1_178' title='bbox 671 2416 775 2468; x_wconf 87' lang='lat' dir='ltr'><strong>qua</strong></span> <span class='ocrx_word' id='word_1_179' title='bbox 814 2396 1036 2449; x_wconf 86' lang='lat' dir='ltr'><strong>facultas</strong></span> <span class='ocrx_word' id='word_1_180' title='bbox 1073 2398 1201 2455; x_wconf 89' lang='lat' dir='ltr'><strong>erit,</strong></span> <span class='ocrx_word' id='word_1_181' title='bbox 1259 2413 1352 2464; x_wconf 88' lang='lat' dir='ltr'><strong>per</strong></span> <span class='ocrx_word' id='word_1_182' title='bbox 1390 2395 1626 2465; x_wconf 87' lang='lat' dir='ltr'><strong>aliquam</strong></span> <span class='ocrx_word' id='word_1_183' title='bbox 1665 2412 1788 2446; x_wconf 87' lang='lat' dir='ltr'><strong>con·</strong></span> 
     </span>
     <span class='ocr_line' id='line_1_28' title="bbox 215 2474 1785 2552; baseline -0.001 -21"><span class='ocrx_word' id='word_1_184' title='bbox 215 2483 552 2538; x_wconf 85' lang='lat' dir='ltr'><strong>stitutionem</strong></span> <span class='ocrx_word' id='word_1_185' title='bbox 613 2483 795 2543; x_wconf 90' lang='lat' dir='ltr'><strong>illum,</strong></span> <span class='ocrx_word' id='word_1_186' title='bbox 861 2486 918 2534; x_wconf 89' lang='lat' dir='ltr'><strong>in</strong></span> <span class='ocrx_word' id='word_1_187' title='bbox 981 2499 1138 2552; x_wconf 89' lang='lat' dir='ltr'><strong>quem</strong></span> <span class='ocrx_word' id='word_1_188' title='bbox 1189 2474 1386 2533; x_wconf 76' lang='lat' dir='ltr'><strong>crimen</strong></span> <span class='ocrx_word' id='word_1_189' title='bbox 1438 2478 1785 2540; x_wconf 87' lang='lat' dir='ltr'><strong>transfertur,</strong></span> 
     </span>
     <span class='ocr_line' id='line_1_29' title="bbox 212 2563 1786 2639; baseline -0.002 -22"><span class='ocrx_word' id='word_1_190' title='bbox 212 2563 525 2629; x_wconf 83' lang='lat' dir='ltr'><strong>defendere3</strong></span> <span class='ocrx_word' id='word_1_191' title='bbox 593 2570 812 2630; x_wconf 86' lang='lat' dir='ltr'><strong>deinde,</strong></span> <span class='ocrx_word' id='word_1_192' title='bbox 873 2569 1039 2620; x_wconf 88' lang='lat' dir='ltr'><strong>levius</strong></span> <span class='ocrx_word' id='word_1_193' title='bbox 1075 2585 1218 2627; x_wconf 85' lang='lat' dir='ltr'><strong>esse,</strong></span> <span class='ocrx_word' id='word_1_194' title='bbox 1279 2567 1426 2637; x_wconf 85' lang='lat' dir='ltr'><strong>quod</strong></span> <span class='ocrx_word' id='word_1_195' title='bbox 1466 2568 1523 2639; x_wconf 80' lang='lat' dir='ltr'><strong>in</strong></span> <span class='ocrx_word' id='word_1_196' title='bbox 1560 2565 1786 2615; x_wconf 84' lang='lat' dir='ltr'><strong>alterum</strong></span> 
     </span>
     <span class='ocr_line' id='line_1_30' title="bbox 212 2652 1786 2724; baseline -0.002 -22"><span class='ocrx_word' id='word_1_197' title='bbox 212 2665 483 2720; x_wconf 86' lang='lat' dir='ltr'><strong>peccatum</strong></span> <span class='ocrx_word' id='word_1_198' title='bbox 521 2672 642 2704; x_wconf 89' lang='lat' dir='ltr'><strong>reus</strong></span> <span class='ocrx_word' id='word_1_199' title='bbox 683 2652 999 2713; x_wconf 87' lang='lat' dir='ltr'><strong>transferat,</strong></span> <span class='ocrx_word' id='word_1_200' title='bbox 1036 2671 1223 2724; x_wconf 56' lang='lat' dir='ltr'><strong>”quam</strong></span> <span class='ocrx_word' id='word_1_201' title='bbox 1266 2653 1410 2724; x_wconf 87' lang='lat' dir='ltr'><strong>quod</strong></span> <span class='ocrx_word' id='word_1_202' title='bbox 1467 2654 1580 2720; x_wconf 87' lang='lat' dir='ltr'><strong>ipse</strong></span> <span class='ocrx_word' id='word_1_203' title='bbox 1616 2666 1786 2701; x_wconf 88' lang='lat' dir='ltr'><strong>susce-</strong></span> 
     </span>
     <span class='ocr_line' id='line_1_31' title="bbox 210 2737 1785 2808; baseline -0.002 -19"><span class='ocrx_word' id='word_1_204' title='bbox 210 2740 376 2805; x_wconf 89' lang='lat' dir='ltr'><strong>perit;</strong></span> <span class='ocrx_word' id='word_1_205' title='bbox 438 2751 624 2807; x_wconf 83' lang='lat' dir='ltr'><strong>postea</strong></span> <span class='ocrx_word' id='word_1_206' title='bbox 664 2740 1030 2791; x_wconf 85' lang='lat' dir='ltr'><strong>translationis</strong></span> <span class='ocrx_word' id='word_1_207' title='bbox 1068 2737 1312 2808; x_wconf 87' lang='lat' dir='ltr'><strong>partibus</strong></span> <span class='ocrx_word' id='word_1_208' title='bbox 1349 2740 1460 2796; x_wconf 90' lang='lat' dir='ltr'><strong>uti,</strong></span> <span class='ocrx_word' id='word_1_209' title='bbox 1524 2748 1576 2787; x_wconf 88' lang='lat' dir='ltr'><strong>et</strong></span> <span class='ocrx_word' id='word_1_210' title='bbox 1613 2747 1785 2787; x_wconf 80' lang='lat' dir='ltr'><strong>osten-</strong></span> 
     </span>
    </p>
   </div>
  </div>
 </body>
</html>
