<?xml version="1.0" encoding="UTF-8"?>
<!DOCTYPE html PUBLIC "-//W3C//DTD XHTML 1.0 Transitional//EN"
    "http://www.w3.org/TR/xhtml1/DTD/xhtml1-transitional.dtd">
<html xmlns="http://www.w3.org/1999/xhtml" xml:lang="en" lang="en">
 <head>
  <title>
</title>
<meta http-equiv="Content-Type" content="text/html;charset=utf-8" />
  <meta name='ocr-system' content='tesseract 3.04.00' />
  <meta name='ocr-capabilities' content='ocr_page ocr_carea ocr_par ocr_line ocrx_word'/>
</head>
<body>
  <div class='ocr_page' id='page_1' title='image "./p1selectedworkso01ciceuoft_0045.png"; bbox 0 0 1924 3224; ppageno 0'>
   <div class='ocr_carea' id='block_1_1' title="bbox 551 150 1708 235">
    <p class='ocr_par' dir='ltr' id='par_1_1' title="bbox 551 147 1708 245">
     <span class='ocr_line' id='line_1_1' title="bbox 551 150 1708 235; baseline -0.007 -4"><span class='ocrx_word' id='word_1_1' title='bbox 551 185 617 230; x_wconf 85' lang='lat' dir='ltr'>-c</span> <span class='ocrx_word' id='word_1_2' title='bbox 673 160 809 235; x_wconf 65' lang='grc' dir='ltr'>Αἰ»</span> <span class='ocrx_word' id='word_1_3' title='bbox 866 150 934 229; x_wconf 58' lang='grc' dir='ltr'>υ’</span> <span class='ocrx_word' id='word_1_4' title='bbox 971 182 1015 229; x_wconf 82' lang='grc' dir='ltr'><strong>Τ</strong></span> <span class='ocrx_word' id='word_1_5' title='bbox 1124 183 1218 228; x_wconf 74' lang='lat'>11:</span> <span class='ocrx_word' id='word_1_6' title='bbox 1460 180 1708 233; x_wconf 74' lang='lat' dir='ltr'>me</span> 
     </span>
    </p>
   </div>
   <div class='ocr_carea' id='block_1_2' title="bbox 753 343 1052 354">
    <p class='ocr_par' dir='ltr' id='par_1_2' title="bbox 753 343 1052 354">
     <span class='ocr_line' id='line_1_2' title="bbox 753 343 1052 354; baseline 0 0"><span class='ocrx_word' id='word_1_7' title='bbox 753 343 1052 354; x_wconf 95' lang='lat' dir='ltr'> </span> 
     </span>
    </p>
   </div>
   <div class='ocr_carea' id='block_1_3' title="bbox 470 457 1300 563">
    <p class='ocr_par' dir='ltr' id='par_1_3' title="bbox 470 457 1300 563">
     <span class='ocr_line' id='line_1_3' title="bbox 470 457 1300 563; baseline 0.001 -1"><span class='ocrx_word' id='word_1_8' title='bbox 470 457 1064 563; x_wconf 34' lang='lat' dir='ltr'>‘CAQPUT</span> <span class='ocrx_word' id='word_1_9' title='bbox 1195 506 1300 563; x_wconf 88' lang='grc' dir='ltr'>ΙΙ.</span> 
     </span>
    </p>
   </div>
   <div class='ocr_carea' id='block_1_4' title="bbox 128 653 1702 895">
    <p class='ocr_par' dir='ltr' id='par_1_4' title="bbox 128 653 1702 895">
     <span class='ocr_line' id='line_1_4' title="bbox 128 653 1702 755; baseline 0.001 -1"><span class='ocrx_word' id='word_1_10' title='bbox 128 691 246 754; x_wconf 86' lang='lat' dir='ltr'>DE</span> <span class='ocrx_word' id='word_1_11' title='bbox 322 653 854 752; x_wconf 66' lang='lat' dir='ltr'>cmERoN&#39;is</span> <span class='ocrx_word' id='word_1_12' title='bbox 927 659 1702 755; x_wconf 72' lang='lat' dir='ltr'>RHETomcoRUM</span> 
     </span>
     <span class='ocr_line' id='line_1_5' title="bbox 746 815 1588 895; baseline -0.01 0"><span class='ocrx_word' id='word_1_13' title='bbox 746 834 1075 895; x_wconf 78' lang='lat' dir='ltr'><strong>LIBRIS.</strong></span> <span class='ocrx_word' id='word_1_14' title='bbox 1584 815 1588 825; x_wconf 70' lang='lat'>‘</span> 
     </span>
    </p>
   </div>
   <div class='ocr_carea' id='block_1_5' title="bbox 127 1034 1747 2718">
    <p class='ocr_par' dir='ltr' id='par_1_5' title="bbox 127 1034 1747 2718">
     <span class='ocr_line' id='line_1_6' title="bbox 258 1034 1701 1115; baseline 0.003 -23"><span class='ocrx_word' id='word_1_15' title='bbox 258 1034 398 1093; x_wconf 90' lang='lat' dir='ltr'>Etsi</span> <span class='ocrx_word' id='word_1_16' title='bbox 470 1050 773 1095; x_wconf 82' lang='lat' dir='ltr'><strong>constans</strong></span> <span class='ocrx_word' id='word_1_17' title='bbox 837 1036 1195 1094; x_wconf 86' lang='lat' dir='ltr'>multorum</span> <span class='ocrx_word' id='word_1_18' title='bbox 1268 1036 1496 1115; x_wconf 86' lang='lat' dir='ltr'>opinio</span> <span class='ocrx_word' id='word_1_19' title='bbox 1554 1036 1701 1112; x_wconf 83' lang='lat' dir='ltr'>fuit,</span> 
     </span>
     <span class='ocr_line' id='line_1_7' title="bbox 131 1145 1704 1217; baseline 0.003 -9"><span class='ocrx_word' id='word_1_20' title='bbox 131 1148 503 1209; x_wconf 85' lang='lat' dir='ltr'><strong>Ciceronem</strong></span> <span class='ocrx_word' id='word_1_21' title='bbox 548 1150 1018 1217; x_wconf 83' lang='lat' dir='ltr'>adolescentem</span> <span class='ocrx_word' id='word_1_22' title='bbox 1064 1145 1704 1212; x_wconf 56' lang='lat' dir='ltr'>artem‘Rhetoricam</span> 
     </span>
     <span class='ocr_line' id='line_1_8' title="bbox 129 1265 1703 1344; baseline 0.002 -21"><span class='ocrx_word' id='word_1_23' title='bbox 129 1279 404 1343; x_wconf 86' lang='lat' dir='ltr'>quatuor</span> <span class='ocrx_word' id='word_1_24' title='bbox 458 1265 642 1325; x_wconf 89' lang='lat' dir='ltr'>libris</span> <span class='ocrx_word' id='word_1_25' title='bbox 719 1266 1131 1344; x_wconf 83' lang='lat' dir='ltr'>complexum</span> <span class='ocrx_word' id='word_1_26' title='bbox 1190 1287 1353 1339; x_wconf 89' lang='lat' dir='ltr'>esse,</span> <span class='ocrx_word' id='word_1_27' title='bbox 1427 1266 1703 1344; x_wconf 86' lang='lat' dir='ltr'>quorum</span> 
     </span>
     <span class='ocr_line' id='line_1_9' title="bbox 127 1379 1704 1459; baseline 0.003 -22"><span class='ocrx_word' id='word_1_28' title='bbox 127 1379 368 1457; x_wconf 86' lang='lat' dir='ltr'>priores</span> <span class='ocrx_word' id='word_1_29' title='bbox 437 1395 690 1439; x_wconf 88' lang='lat' dir='ltr'>tantum</span> <span class='ocrx_word' id='word_1_30' title='bbox 763 1380 875 1459; x_wconf 91' lang='lat' dir='ltr'>qui</span> <span class='ocrx_word' id='word_1_31' title='bbox 948 1395 1104 1438; x_wconf 86' lang='lat' dir='ltr'>sunt</span> <span class='ocrx_word' id='word_1_32' title='bbox 1179 1380 1255 1438; x_wconf 89' lang='lat' dir='ltr'>de</span> <span class='ocrx_word' id='word_1_33' title='bbox 1315 1381 1704 1442; x_wconf 84' lang='lat' dir='ltr'>Inventione</span> 
     </span>
     <span class='ocr_line' id='line_1_10' title="bbox 128 1495 1702 1575; baseline 0.002 -24"><span class='ocrx_word' id='word_1_34' title='bbox 128 1508 400 1553; x_wconf 83' lang='lat' dir='ltr'>aetatem</span> <span class='ocrx_word' id='word_1_35' title='bbox 479 1495 783 1566; x_wconf 79' lang='lat' dir='ltr'>tulerint,</span> <span class='ocrx_word' id='word_1_36' title='bbox 864 1495 1098 1575; x_wconf 83' lang='lat' dir='ltr'>reliqui</span> <span class='ocrx_word' id='word_1_37' title='bbox 1172 1496 1300 1554; x_wconf 87' lang='lat' dir='ltr'>duo</span> <span class='ocrx_word' id='word_1_38' title='bbox 1371 1496 1702 1574; x_wconf 82' lang='lat' dir='ltr'>perierint,</span> 
     </span>
     <span class='ocr_line' id='line_1_11' title="bbox 131 1595 1704 1687; baseline 0.002 -21"><span class='ocrx_word' id='word_1_39' title='bbox 131 1607 319 1667; x_wconf 91' lang='lat' dir='ltr'>nobis</span> <span class='ocrx_word' id='word_1_40' title='bbox 365 1623 576 1669; x_wconf 83' lang='lat' dir='ltr'>tamen</span> <span class='ocrx_word' id='word_1_41' title='bbox 620 1609 834 1687; x_wconf 88' lang='lat' dir='ltr'>potior</span> <span class='ocrx_word' id='word_1_42' title='bbox 890 1595 1129 1669; x_wconf 75' lang='lat' dir='ltr'>eorum.</span> <span class='ocrx_word' id='word_1_43' title='bbox 1171 1608 1486 1669; x_wconf 86' lang='lat' dir='ltr'>sententia</span> <span class='ocrx_word' id='word_1_44' title='bbox 1532 1609 1704 1673; x_wconf 85' lang='lat' dir='ltr'>vide·</span> 
     </span>
     <span class='ocr_line' id='line_1_12' title="bbox 130 1723 1699 1805; baseline 0.003 -25"><span class='ocrx_word' id='word_1_45' title='bbox 130 1736 271 1796; x_wconf 87' lang='lat' dir='ltr'>tur,</span> <span class='ocrx_word' id='word_1_46' title='bbox 332 1723 444 1805; x_wconf 80' lang='lat' dir='ltr'>qui</span> <span class='ocrx_word' id='word_1_47' title='bbox 488 1723 856 1783; x_wconf 88' lang='lat' dir='ltr'>Ciceronem</span> <span class='ocrx_word' id='word_1_48' title='bbox 901 1724 1054 1783; x_wconf 86' lang='lat' dir='ltr'>haec</span> <span class='ocrx_word' id='word_1_49' title='bbox 1099 1723 1430 1784; x_wconf 80' lang='lat' dir='ltr'>Rhetorica</span> <span class='ocrx_word' id='word_1_50' title='bbox 1477 1724 1699 1784; x_wconf 83' lang='lat' dir='ltr'>incho-</span> 
     </span>
     <span class='ocr_line' id='line_1_13' title="bbox 131 1837 1698 1917; baseline 0.001 -21"><span class='ocrx_word' id='word_1_51' title='bbox 131 1856 264 1896; x_wconf 85' lang='lat' dir='ltr'>asse</span> <span class='ocrx_word' id='word_1_52' title='bbox 310 1837 599 1916; x_wconf 86' lang='lat' dir='ltr'>quidem,</span> <span class='ocrx_word' id='word_1_53' title='bbox 648 1839 757 1898; x_wconf 86' lang='lat' dir='ltr'>sed</span> <span class='ocrx_word' id='word_1_54' title='bbox 796 1860 935 1899; x_wconf 88' lang='lat' dir='ltr'>non</span> <span class='ocrx_word' id='word_1_55' title='bbox 963 1840 1042 1899; x_wconf 85' lang='lat' dir='ltr'>ad</span> <span class='ocrx_word' id='word_1_56' title='bbox 1073 1837 1278 1900; x_wconf 82' lang='lat' dir='ltr'>finem</span> <span class='ocrx_word' id='word_1_57' title='bbox 1306 1838 1698 1917; x_wconf 80' lang='lat' dir='ltr'>perduxisse,</span> 
     </span>
     <span class='ocr_line' id='line_1_14' title="bbox 132 1953 1696 2033; baseline 0.001 -22"><span class='ocrx_word' id='word_1_58' title='bbox 132 1965 444 2012; x_wconf 87' lang='lat' dir='ltr'>statuunt.</span> <span class='ocrx_word' id='word_1_59' title='bbox 515 1953 795 2012; x_wconf 84' lang='lat' dir='ltr'>Illustris</span> <span class='ocrx_word' id='word_1_60' title='bbox 843 1954 918 2012; x_wconf 88' lang='lat' dir='ltr'>de</span> <span class='ocrx_word' id='word_1_61' title='bbox 964 1974 1031 2012; x_wconf 85' lang='lat' dir='ltr'>ea</span> <span class='ocrx_word' id='word_1_62' title='bbox 1061 1974 1127 2013; x_wconf 90' lang='lat' dir='ltr'>re</span> <span class='ocrx_word' id='word_1_63' title='bbox 1155 1954 1338 2012; x_wconf 89' lang='lat' dir='ltr'>locus</span> <span class='ocrx_word' id='word_1_64' title='bbox 1370 1968 1465 2011; x_wconf 86' lang='lat' dir='ltr'>est</span> <span class='ocrx_word' id='word_1_65' title='bbox 1494 1954 1696 2033; x_wconf 89' lang='lat' dir='ltr'>ipsius</span> 
     </span>
     <span class='ocr_line' id='line_1_15' title="bbox 135 2066 1699 2141; baseline 0.001 -17"><span class='ocrx_word' id='word_1_66' title='bbox 135 2066 458 2126; x_wconf 87' lang='lat' dir='ltr'>Ciceronis</span> <span class='ocrx_word' id='word_1_67' title='bbox 517 2068 592 2125; x_wconf 86' lang='lat' dir='ltr'>de</span> <span class='ocrx_word' id='word_1_68' title='bbox 650 2072 911 2127; x_wconf 82' lang='lat' dir='ltr'>Oratore</span> <span class='ocrx_word' id='word_1_69' title='bbox 955 2072 1004 2127; x_wconf 89' lang='grc' dir='ltr'>Ι.</span> <span class='ocrx_word' id='word_1_70' title='bbox 1057 2090 1109 2126; x_wconf 78' lang='lat'>2.</span> <span class='ocrx_word' id='word_1_71' title='bbox 1155 2067 1269 2126; x_wconf 85' lang='lat' dir='ltr'>ubi</span> <span class='ocrx_word' id='word_1_72' title='bbox 1316 2067 1546 2129; x_wconf 86' lang='lat' dir='ltr'>diserte</span> <span class='ocrx_word' id='word_1_73' title='bbox 1591 2068 1699 2141; x_wconf 80' lang='lat' dir='ltr'>ait,</span> 
     </span>
     <span class='ocr_line' id='line_1_16' title="bbox 134 2166 1698 2261; baseline 0.001 -23"><span class='ocrx_word' id='word_1_74' title='bbox 134 2166 255 2240; x_wconf 72' lang='lat' dir='ltr'>hos</span> <span class='ocrx_word' id='word_1_75' title='bbox 312 2181 514 2241; x_wconf 84' lang='lat' dir='ltr'>libros</span> <span class='ocrx_word' id='word_1_76' title='bbox 573 2180 680 2240; x_wconf 75' lang='lat' dir='ltr'>sibi</span> <span class='ocrx_word' id='word_1_77' title='bbox 732 2202 918 2261; x_wconf 83' lang='lat' dir='ltr'>puero</span> <span class='ocrx_word' id='word_1_78' title='bbox 976 2197 1085 2239; x_wconf 76' lang='lat' dir='ltr'>auc</span> <span class='ocrx_word' id='word_1_79' title='bbox 1142 2182 1578 2240; x_wconf 76' lang='lat' dir='ltr'>adolescentulo</span> <span class='ocrx_word' id='word_1_80' title='bbox 1620 2203 1698 2240; x_wconf 74' lang='lat' dir='ltr'>ezr:</span> 
     </span>
     <span class='ocr_line' id='line_1_17' title="bbox 128 2284 1747 2371; baseline 0.001 -19"><span class='ocrx_word' id='word_1_81' title='bbox 128 2296 634 2355; x_wconf 68' lang='lat' dir='ltr'>commentariolis</span> <span class='ocrx_word' id='word_1_82' title='bbox 687 2299 806 2354; x_wconf 78' lang='lat' dir='ltr'>suis</span> <span class='ocrx_word' id='word_1_83' title='bbox 862 2292 1160 2355; x_wconf 75' lang='lat' dir='ltr'>inchoatos</span> <span class='ocrx_word' id='word_1_84' title='bbox 1215 2318 1288 2354; x_wconf 80' lang='lat' dir='ltr'>ac</span> <span class='ocrx_word' id='word_1_85' title='bbox 1334 2297 1509 2354; x_wconf 82' lang='lat' dir='ltr'>rudes</span> <span class='ocrx_word' id='word_1_86' title='bbox 1549 2284 1707 2362; x_wconf 43' lang='lat' dir='ltr'>exc&amp;</span> <span class='ocrx_word' id='word_1_87' title='bbox 1745 2369 1747 2371; x_wconf 22' lang='grc'><strong>,</strong></span> 
     </span>
     <span class='ocr_line' id='line_1_18' title="bbox 139 2406 1701 2488; baseline 0.004 -24"><span class='ocrx_word' id='word_1_88' title='bbox 139 2408 304 2468; x_wconf 77' lang='lat' dir='ltr'>disse.</span> <span class='ocrx_word' id='word_1_89' title='bbox 419 2409 543 2469; x_wconf 91' lang='lat' dir='ltr'>Hic</span> <span class='ocrx_word' id='word_1_90' title='bbox 606 2411 885 2488; x_wconf 87' lang='lat' dir='ltr'>primum</span> <span class='ocrx_word' id='word_1_91' title='bbox 946 2411 1211 2472; x_wconf 83' lang='lat' dir='ltr'>verbum</span> <span class='ocrx_word' id='word_1_92' title='bbox 1271 2406 1701 2483; x_wconf 80' lang='lat' dir='ltr'>excidisse,</span> 
     </span>
     <span class='ocr_line' id='line_1_19' title="bbox 141 2522 1698 2606; baseline 0.003 -26"><span class='ocrx_word' id='word_1_93' title='bbox 141 2543 268 2600; x_wconf 90' lang='lat' dir='ltr'>quo</span> <span class='ocrx_word' id='word_1_94' title='bbox 295 2522 511 2581; x_wconf 86' lang='lat' dir='ltr'>Cicero</span> <span class='ocrx_word' id='word_1_95' title='bbox 537 2524 756 2595; x_wconf 89' lang='lat' dir='ltr'>utitur,</span> <span class='ocrx_word' id='word_1_96' title='bbox 806 2525 1150 2606; x_wconf 81' lang='lat' dir='ltr'>significat,</span> <span class='ocrx_word' id='word_1_97' title='bbox 1197 2546 1260 2585; x_wconf 90' lang='lat' dir='ltr'>se</span> <span class='ocrx_word' id='word_1_98' title='bbox 1304 2526 1464 2584; x_wconf 89' lang='lat' dir='ltr'>istos</span> <span class='ocrx_word' id='word_1_99' title='bbox 1496 2524 1698 2584; x_wconf 86' lang='lat' dir='ltr'>libros</span> 
     </span>
     <span class='ocr_line' id='line_1_20' title="bbox 141 2639 1700 2718; baseline 0.002 -24"><span class='ocrx_word' id='word_1_100' title='bbox 141 2657 277 2696; x_wconf 89' lang='lat' dir='ltr'>non</span> <span class='ocrx_word' id='word_1_101' title='bbox 340 2639 636 2698; x_wconf 82' lang='lat' dir='ltr'>consulto</span> <span class='ocrx_word' id='word_1_102' title='bbox 696 2640 1001 2712; x_wconf 86' lang='lat' dir='ltr'>edidisse,</span> <span class='ocrx_word' id='word_1_103' title='bbox 1061 2641 1173 2699; x_wconf 83' lang='lat' dir='ltr'>sed</span> <span class='ocrx_word' id='word_1_104' title='bbox 1231 2661 1378 2698; x_wconf 82' lang='lat' dir='ltr'>casu</span> <span class='ocrx_word' id='word_1_105' title='bbox 1423 2641 1700 2718; x_wconf 85' lang='lat' dir='ltr'>quodam</span> 
     </span>
    </p>
   </div>
   <div class='ocr_carea' id='block_1_6' title="bbox 145 2751 1702 2842">
    <p class='ocr_par' dir='ltr' id='par_1_6' title="bbox 145 2751 1702 2842">
     <span class='ocr_line' id='line_1_21' title="bbox 145 2751 1702 2842; baseline 0.004 -35"><span class='ocrx_word' id='word_1_106' title='bbox 145 2771 252 2809; x_wconf 84' lang='lat' dir='ltr'>eos</span> <span class='ocrx_word' id='word_1_107' title='bbox 295 2751 366 2842; x_wconf 78' lang='lat' dir='ltr'>in</span> <span class='ocrx_word' id='word_1_108' title='bbox 409 2773 632 2811; x_wconf 85' lang='lat' dir='ltr'>manus</span> <span class='ocrx_word' id='word_1_109' title='bbox 678 2754 1016 2812; x_wconf 84' lang='lat' dir='ltr'>hominum</span> <span class='ocrx_word' id='word_1_110' title='bbox 1052 2755 1430 2833; x_wconf 82' lang='lat' dir='ltr'>pervenisse.</span> <span class='ocrx_word' id='word_1_111' title='bbox 1520 2755 1702 2820; x_wconf 81' lang='lat' dir='ltr'>Simi-</span> 
     </span>
    </p>
   </div>
  </div>
 </body>
</html>
