1878 3198
16 120 18 123 ,
9 0 33 74 1⁹³«ss

458 639 1264 734 PRAEFATiO.

755 841 1052 850 Ἤ

91 1019 194 1084 Ad
231 1030 431 1080 edenda
468 1028 672 1085 denuo,
726 1027 985 1094 novisque
1026 1026 1163 1075 curis
1202 1018 1527 1086 emendanda
1565 1014 1649 1073 ciss

93 1145 295 1195 ceronis
333 1158 492 1208 opera
526 1129 808 1198 rhetorica,
850 1157 1017 1208 quum
1044 1155 1210 1188 essem
1241 1158 1270 1188 a
1298 1136 1646 1197 Goeschenio‚

90 1255 383 1324 bibliopola
434 1253 1113 1322 Lipsiensinobilissimo,
1174 1264 1446 1322 artemque
1495 1263 1647 1321 typo·

91 1370 396 1443 graphicam
448 1370 664 1419 summis
719 1386 839 1437 cum
877 1367 1212 1435 popularium
1250 1364 1650 1435 exterorumque

22 1501 23 1504 ’
91 1485 341 1536 laudibus
394 1483 688 1541 excolente,
752 1481 852 1532 hac
900 1481 1015 1552 lege
1062 1482 1349 1539 invitatus,
1411 1491 1474 1529 ut
1521 1478 1652 1533 haec

16 1661 27 1669 N
95 1600 495 1665 editioypartem
548 1594 744 1647 faceret:
793 1596 1029 1662 corporis
1082 1593 1400 1662 scriptorum
1437 1596 1650 1644 Latino·
1706 1641 1708 1643 ,

93 1732 241 1771 rum,
282 1714 430 1762 cuius
469 1711 556 1760 ille
593 1710 888 1761 adornandi
923 1727 1102 1758 curam
1134 1709 1442 1760 Eichstadio
1471 1710 1532 1762 V.
1575 1707 1650 1758 Cl.

94 1825 391 1887 Professori
437 1827 670 1884 Ienensi,
731 1823 1123 1882 demandasset,
1173 1822 1276 1884 hoc
1326 1822 1460 1872 mihi
1509 1823 1650 1873 vide-

94 1942 218 1992 bam
256 1942 495 2009 inprimis
548 1941 888 2006 impositum,
942 1950 1005 1989 ut.
1056 1949 1286 1989 mentem
1324 1938 1391 1987 ad
1429 1934 1653 1997 formam
1688 1992 1689 1995 Ἰ

98 2058 269 2124 operis
317 2044 551 2106 universi
605 2052 669 2102 ab
707 2051 1016 2104 Eichstadio
1060 2051 1314 2122 singulari
1347 2050 1528 2100 libello
1568 2049 1651 2100 de·

11 2204 22 2215 .
97 2172 345 2237 scriptam
383 2170 691 2238 dirigerem,
731 2184 867 2237 quae
902 2178 1130 2224 textum,
1181 2183 1339 2235 quam
1376 2162 1497 2213 fieri
1534 2182 1651 2232 pos·

81 2295 205 2351 set,
295 2282 695 2354 diligentissime
757 2283 1094 2351 castigatum,
1180 2279 1652 2329 animadversiones

100 2397 314 2456 breves,
373 2415 509 2466 quae
545 2414 728 2446 causas
766 2396 1008 2446 lectionis
1046 2394 1129 2447 vel
1164 2405 1396 2442 mutatae
1433 2392 1516 2443 vel
1553 2391 1650 2441 sta·

99 2511 281 2561 bilitae
320 2523 666 2579 exponerent,
723 2511 1009 2560 summaria
1056 2508 1342 2566 librorum,
1396 2518 1449 2556 et
1478 2505 1651 2574 'prole-

44 2625 45 2634 '
102 2643 321 2696 gomeua
370 2628 439 2678 ad
485 2625 855 2698 intelligendos
916 2623 1083 2674 libros
1132 2622 1287 2673 utilia
1346 2621 1648 2690 complecte-

103 2737 276 2790 hatur.
