1878 3198
252 291 356 347 276
742 287 1318 349 CICERONJs

252 459 430 507 erant,
483 443 675 518 eligere
722 428 933 515 potuit3
976 448 1142 505 *nobis
1181 450 1454 506 omnium,
1510 449 1820 521 quicunque

250 530 469 583 fuerunt
484 553 510 591 ‚·
552 531 618 582 ab
665 533 858 585 ultimo
907 536 1174 603 principio
1217 530 1379 584 huius
1428 536 1818 603 praeceptionis

218 635 422 687 ¹nsque
461 619 528 669 ad
563 616 668 668 hoc
704 631 944 688 tempuS,
997 622 1493 688 expositiscopiis‘,
1547 621 1818 691 quodcun-

253 722 358 774 que
398 704 654 772 placeret,
697 704 925 776 eligendi
961 718 1198 774 potestas
1236 704 1359 759 fuit.
1757 686 1762 706 ¹

358 792 437 840 Ac
463 800 665 840 veteres
694 792 910 859 quidem
939 794 1220 859 scriptores
1252 794 1398 850 artis,
1426 807 1596 862 usque
1622 809 1652 839 a
1676 793 1820 859 prin·-

256 877 370 943 cipe
412 875 505 926 illo
542 887 700 945 atque
734 878 1008 926 inventore
1047 876 1193 927 Tisia
1232 880 1488 945 repetitos
1506 877 1526 937 ,’
1558 894 1728 926 unum
1762 879 1818 926 in

253 961 431 1012 locum
471 962 728 1012 conduxit
751 963 1067 1013 Aristoteles
1084 999 1099 1021 ,
1138 974 1194 1012 et
1216 964 1531 1012 nominatim
1559 963 1819 1032 cuiusque

252 1059 533 1115 praecepta
567 1065 758 1119 magna
797 1050 1100 1120 conquisita
1139 1058 1264 1098 cu'ra
1288 1050 1564 1117 perspicue
1590 1049 1818 1112 conscri-

252 1136 390 1201 psit,
435 1146 595 1203 atque
638 1134 866 1183 enodata
890 1133 1172 1205 diligenter
1200 1136 1480 1201 exposuit3
1524 1152 1585 1193 ac
1608 1138 1820 1184 tantum

255 1218 626 1270 inventoribus
690 1221 818 1286 ipsis
883 1221 1141 1271 suavitate
1195 1231 1246 1269 et
1295 1218 1557 1271 brevitate
1608 1219 1819 1274 dicendi

254 1306 550 1371 praestitit,
603 1315 664 1353 ut
713 1322 867 1355 nemo
910 1305 1127 1355 illorum
1165 1317 1444 1372 praecepta
1482 1322 1543 1355 ex
1577 1307 1822 1373 ipsorum
1868 1354 1878 1360 ,,

254 1388 406 1440 libris
445 1401 762 1461 cognoscat,
816 1391 907 1441 sed
946 1407 1157 1450 omnes,
1209 1393 1332 1462 qui,
1371 1390 1519 1464 quod
1554 1389 1636 1440 illi
1670 1394 1817 1464 prac-

257 1477 486 1544 cipiant,
524 1475 689 1526 velint
719 1475 1045 1546 intelligere,
1086 1477 1153 1527 ad
1178 1475 1351 1535 hunc,
1379 1475 1627 1546 quasiad
1654 1474 1819 1545 quotie·-
1871 1506 1878 1535 ,5

256 1563 378 1613 dam
425 1561 596 1612 multo
649 1561 1068 1611 commodiorem
1105 1547 1507 1631 explicatorem,
1557 1571 1821 1623 revertan-
1861 1546 1867 1549 ⁷

255 1659 359 1698 tur.
435 1650 612 1716 Atque
648 1645 739 1696 hio
775 1647 992 1716 quidem
1030 1650 1174 1715 ipse,
1215 1660 1268 1698 et
1302 1665 1414 1698 sese
1439 1649 1616 1715 ipsum
1641 1645 1818 1705 nobis,

257 1745 316 1795 et¹
347 1749 469 1791 eOS,
521 1733 616 1801 qui
653 1743 773 1782 ante
810 1749 864 1782 se
903 1729 1143 1791 fuerant3
1196 1734 1253 1782 in
1294 1733 1473 1784 medio
1508 1733 1720 1800 posuit,
1748 1741 1820 1780 vui:

257 1831 310 1869 et
363 1830 590 1875 ceteros,
642 1829 695 1867 et
742 1820 973 1884 seipsum
1012 1835 1105 1884 per
1143 1835 1197 1868 se
1236 1832 1697 1888 cognosceremu33
1747 1813 1817 1864 ab
1872 1859 1878 1865 ,

251 1904 360 1971 ¹hoc
401 1914 577 1952 autem
618 1904 713 1971 qui
748 1899 974 1969 profecti
1012 1914 1164 1959 sunt,
1206 1919 1531 1972 quamquam
1569 1903 1627 1950 in
1655 1902 1822 1950 maxi·

256 1990 353 2038 mis
381 1985 748 2055 philosophiae
774 1985 1016 2054 partibus
1047 2003 1236 2054 operae
1262 1986 1552 2054 plurimum
1578 2003 1816 2037 consum·

258 2085 470 2131 serunt,
510 2075 747 2130 sicutet.
779 2074 920 2140 ipse,
961 2074 1109 2122 cuius
1153 2075 1402 2122 instituta
1443 2070 1819 2142 sequebantur,

258 2159 485 2219 fecerat;
536 2169 712 2208 tamen
759 2157 1020 2225 permulta
1072 2157 1230 2210 nobis
1280 2168 1565 2226 praecepta
1609 2157 1819 2208 dicendi

257 2247 601 2316 reliquerunt.
677 2246 853 2312 Atque
891 2242 981 2292 alii
1020 2261 1233 2313 quoque
1272 2243 1376 2293 alio
1416 2260 1476 2292 ex
1501 2239 1649 2294 fonte
1671 2250 1818 2311 prae-

259 2343 496 2399 ceptores
547 2328 760 2379 dicendi
810 2341 1216 2386 emanaverunt,
1268 2331 1365 2398 qui
1414 2331 1541 2378 item
1590 2326 1818 2395 permulf

258 2429 373 2466 tum
423 2416 490 2466 ad
528 2414 841 2470 dicendum,
896 2415 941 2462 si
979 2415 1111 2483 quid
1150 2431 1233 2463 ars
1270 2411 1517 2481 proficit,
1570 2411 1820 2480 opitulati

260 2514 399 2552 sunt.
473 2503 607 2552 Nam
646 2498 752 2549 fuit
794 2511 1032 2566 tempore
1071 2500 1286 2558 eodem,
1339 2515 1447 2568 quo
1483 2496 1816 2555 Aristoteles,
1853 2497 1878 2574 '⁴

257 2600 478 2657 magnus
530 2598 582 2635 et
631 2582 824 2634 nobilis
878 2583 1063 2634 rhetor
1110 2587 1401 2643 Isocrates;
1454 2586 1605 2636 cuius
1644 2584 1816 2650 ipsius
1862 2647 1864 2651 ,

258 2689 418 2741 quam
460 2682 668 2721 constet
705 2686 816 2719 esse
855 2681 1052 2725 artem,
1113 2688 1218 2719 non
1258 2670 1572 2720 invenimus.
1646 2667 1816 2724 Disci-

256 2756 503 2824 pulorum
542 2767 719 2805 autem
762 2766 919 2823 atque
952 2771 1170 2812 eorum,
1207 2757 1301 2824 qui
1337 2754 1578 2822 protinus
1618 2750 1684 2801 ab
1718 2750 1819 2801 hac
1862 2795 1863 2800 ,

260 2852 385 2892 sunt
432 2840 712 2908 disciplina
763 2838 1018 2908 profecti,
1068 2840 1236 2891 multa
1284 2841 1348 2891 de
1398 2850 1506 2888 arte
1542 2837 1864 2906 praecepta
