1878 3198
306 237 307 241 ’
358 232 1008 290 ΑΒν-ῌΕΒΕΝΝΙΠΜ
1064 234 1138 277 II.
1179 234 1262 278 22.
1303 245 1384 290 25.
1594 249 1659 304 5²

132 432 134 434 .
180 397 288 454 Pag.
318 392 389 449 56.
418 408 467 438 v.
500 406 568 436 10.
610 391 799 435 Caesa
841 389 1273 436 accidissetz-
1320 393 1392 435 Ita
1421 406 1480 435 ex
1509 407 1666 436 emen-

97 473 288 535 datione
331 477 548 524 Oudend.
593 477 815 537 rescripsi
855 492 944 537 pro
988 476 1122 537 vulg.
1169 493 1344 522 caesa
1399 477 1670 523 occidis<-

97 578 215 613 se't.
260 564 337 610 Cf.
378 577 476 609 not.
499 563 565 608 ‘ad
598 563 698 607 Cic.
745 563 803 607 de
834 566 938 608 Inv.
970 566 1007 608 Ῑ.
1040 579 1077 608 c.
1110 572 1180 623 49.

182 653 291 712 Pag.
322 651 391 706 56.
421 667 470 695 v.
502 658 674 704 1514:
726 650 892 709 Argo
918 675 977 684 --
1002 638 1227 694 arietis
1256 675 1328 685 ν-
1381 650 1484 696 Hos
1524 651 1671 696 versi-

99 736 234 801 culos
265 735 494 781 constitui
525 735 582 779 de
606 735 808 780 Graevii
838 735 1092 785 sententia,
1135 747 1181 780 et
1221 736 1288 779 sic
1318 734 1414 780 fere
1446 739 1672 791 convenit

19 827 24 836 “
95 822 244 867 lectio
277 836 386 866 cum
418 822 517 866 Cic.
550 822 691 865 Tusc.
723 824 759 865 Ι.
791 834 861 866 20.
896 837 954 865 ex
987 820 1169 882 optima
1198 822 1465 869 acutissimi
1494 823 1673 871 Wolfii

97 908 386 961 recensione.
443 907 606 967 Vulgo
636 897 907 966 legebatur:

228 1007 345 1054 Argo
358 1034 368 1051 ,
417 1019 501 1054 qua
544 1007 660 1043 vecti
708 1006 867 1052 Argivi
913 1007 1066 1044 delecti
1108 1008 1199 1044 viri

224 1082 427 1116 Petebant
469 1079 586 1114 illam
629 1078 777 1124 pellem
819 1078 1056 1114 inauratam
1100 1079 1255 1116 arietis.

99 1159 367 1212 Lambinus
399 1181 422 1209 e
454 1165 580 1209 coni.
617 1159 891 1208 *Ranconeti
930 1164 1102 1209 edidit:
1158 1181 1190 1227 p
1204 1181 1227 1209 e
1244 1178 1263 1210 t
1277 1181 1300 1210 e
1312 1164 1344 1211 b
1358 1183 1383 1211 a
1396 1182 1429 1210 n
1441 1178 1461 1211 t
1499 1182 1534 1213 v
1547 1165 1673 1214 illo

100 1251 334 1314 pellem
381 1252 682 1295 inaurato
735 1250 994 1294 arietis.

189 1340 297 1397 Pag.
340 1337 410 1393 56.
461 1351 510 1382 v.
556 1335 624 1382 16.
689 1352 812 1382 nun
829 1351 1005 1397 quam
1057 1360 1114 1371 —
1189 1353 1494 1400 nusquam
1549 1335 1675 1385 corii.

93 1415 295 1479 Gruter.

189 1508 312 1568 Pag.*
331 1509 401 1564 56.
442 1524 491 1554 v.
525 1519 592 1563 17,
649 1506 891 1560 Medea,
947 1508 1156 1554 animo
1210 1524 1397 1570 aegra
1437 1534 1496 1543 —-
1552 1509 1677 1553 Me·

83 1611 85 1613 ·
104 1596 136 1640 d
149 1612 173 1640 e
188 1611 214 1638 a
254 1594 415 1638 iudice
448 1592 794 1654 Oudendorpio
826 1594 1094 1640 delendum.

191 1683 301 1741 Pag.
332 1680 408 1734 56.
450 1695 498 1725 v.
530 1694 605 1725 20.
634 1693 706 1724 21.
763 1680 1004 1724 utinam
1048 1696 1116 1725 ne
1156 1707 1213 1718 —
1254 1681 1527 1726 efferret
1578 1696 1681 1742 pe-

104 1768 238 1812 dem
281 1766 496 1810 Medea
536 1792 592 1801 —
657 1765 809 1810 Multi
864 1767 1000 1811 codd.
1054 1768 1235 1812 addunt
1286 1784 1374 1811 am
1391 1783 1494 1812 ore
1550 1783 1684 1812 sau·

108 1854 214 1898 cia.
272 1856 295 1896 I
309 1853 340 1896 d
380 1852 611 1896 Graevius
668 1865 713 1895 et
757 1851 1128 1913 Oudendorpius
1172 1853 1431 1898 defendunt
1443 1886 1456 1903 ,
1504 1863 1559 1897 'et
1600 1852 1682 1896 hic

106 1940 304 2001 quidem
343 1938 410 1982 ita
425 1970 436 1988 ,
478 1951 533 1982 ut
562 1937 772 1981 deleatur
814 1939 871 1981 M
886 1954 909 1981 e
924 1938 953 1981 d
971 1955 994 1981 e
1009 1955 1033 1981 a
1046 1972 1057 1982 .
1136 1939 1227 1984 Sed
1269 1953 1379 2000 post
1420 1939 1551 1983 hunc
1579 1954 1685 1984 ver-

109 2023 316 2070 siculum
344 2023 521 2067 iterum
565 2036 804 2068 enarrator
844 2023 1018 2084 aliquis
1059 2024 1278 2085 ineptum
1326 2025 1499 2069 adiecit
1529 2025 1685 2070 corol-

108 2109 311 2156 larium:
366 2111 530 2168 Ergo
583 2109 698 2152 hac
753 2126 1003 2170 quoque
1042 2110 1129 2154 ab·
1159 2109 1418 2155 ultimo»
1441 2110 1683 2171 repeti·

111 2197 291 2243 tione
333 2195 399 2238 in
455 2195 987 2255 expositionibus
1040 2211 1426 2256 magnopere
1469 2212 1687 2256 super-

114 2281 455 2326 sedendum
510 2294 626 2325 est.
731 2282 870 2327 Non
927 2281 1093 2325 enim
1147 2281 1686 2339 reprehensione,

114 2368 290 2412 sicut
347 2366 509 2410 aliae
563 2366 956 2426 complures,
1012 2367 1113 2412 sed
1164 2382 1268 2412 sua
1317 2379 1547 2427 sponte
1587 2366 1686 2412 vi-

62 2459 65 2465 '
115 2453 285 2498 tiosa
339 2465 454 2497 est.

685 2538 724 2583 C
754 2555 777 2582 a
802 2555 860 2599 p.
931 2539 1116 2583 XXIII.

204 2624 314 2682 Pag.
343 2623 413 2678 56.
443 2638 492 2669 v.
522 2636 594 2668 22.
638 2624 820 2668 Ratio
864 2623 1112 2668 vitiosa
1153 2647 1211 2661 --·
1269 2622 1348 2670 Sic
1381 2623 1686 2668 scribendum

118 2709 214 2756 fuit
229 2741 241 2759 ,
293 2710 405 2769 quia
454 2725 608 2754 novus
663 2709 742 2754 hie
795 2709 929 2754 locus
986 2709 1187 2770 incipit,
1242 2712 1295 2752 in
1316 2734 1317 2737 ¹
1350 2723 1446 2770 quo
1501 2725 1688 2770 semper

49 2833 69 2847 „
122 2795 392 2840 subiectum
435 2794 683 2840 antecedit.
742 2795 886 2854 Vulg;
930 2795 975 2845 V
988 2795 1008 2838 i
1022 2794 1114 2841 tio
1129 2811 1151 2840 s
1166 2812 1205 2842 a.
1226 2811 1260 2839 ‘r
1272 2795 1400 2842 atio
1416 2828 1428 2839 .
