1924 3224
285 246 386 290 AD
440 244 945 292 HERENNIUM
995 246 1162 292 LIB.
1209 250 1320 297 IV.
1377 266 1455 294 11.
1580 267 1674 313 123

116 421 290 473 quum
321 402 385 454 ab
425 421 519 465 eo,
573 423 682 476 quo
720 402 946 472 profecti
985 417 1136 465 sunt,
1178 405 1576 468 aberraverunt,
1618 423 1672 471 et

115 491 285 556 specie
321 486 596 560 gravitatis
638 487 926 549 falluntur,
983 508 1079 541 nec
1114 495 1408 561 perspicere
1445 507 1670 561 possunt

115 570 372 626 orationis
397 588 677 625 tumorem.
1343 571 1348 578 ¹

221 661 326 727 Qui
349 663 406 710 in
425 662 689 711 mediocre
713 679 876 733 genus
903 664 1161 714 orationis
1187 660 1413 732 profecti
1437 675 1586 722 sunt,
1627 666 1673 714 si

65 744 69 745 ⁷
111 748 382 812 pervenire
419 763 482 796 eo
521 735 970 815 non'potuerunn
1011 760 1241 797 errantes
1269 751 1581 819 perveniunt
1607 751 1676 801 ad

114 829 408 880 confinium
447 833 557 881 eius
599 835 832 903 generis,
874 833 1019 902 quod
1055 831 1373 901 appellamus
1415 832 1675 902 fluctu-

113 929 260 974 ans,
301 928 353 966 et
382 916 833 976 dissolutum3
876 935 937 968 eo
964 919 1111 987 quod
1135 920 1245 968 sine
1271 921 1443 970 nervis
1471 931 1523 969 et
1550 917 1674 969 arti-

113 1001 244 1051 culis
283 999 516 1051 fluctuat
552 1000 656 1051 huc
698 1014 748 1052 et
787 1002 940 1059 illuc,
998 1019 1094 1051 1100
1126 1015 1302 1070 potest
1342 1002 1672 1063 confirmate,
1715 995 1721 1002 Χ

111 1104 281 1156 neque
332 1087 558 1138 viriliter
605 1105 718 1136 sese
774 1087 1030 1154 expedire.
1118 1088 1179 1137 Id
1220 1100 1297 1136 est
1334 1086 1673 1141 huiusmodi:
1727 1129 1733 1135 ,,

110 1172 308 1229 „Socii
354 1174 525 1222 nostri
573 1190 736 1242 quum
786 1170 1094 1243 belligerare
1149 1171 1427 1223 nobiscum
1463 1173 1701 1233 vellent.

109 1253 349 1324 profecto
388 1259 692 1308 ratiocinati
728 1269 900 1307 essent
928 1258 1097 1306 'etiam
1135 1267 1292 1326 atque
1315 1260 1503 1315 etiam,
1545 1259 1676 1328 quid

108 1354 322 1410 possent
363 1339 560 1401 facere,
612 1345 656 1392 si
693 1344 908 1412 quidem
946 1359 1039 1391 sua
1073 1354 1260 1409 sponte
1300 1339 1579 1400 facerent‚'
1626 1356 1677 1392 et

110 1445 219 1478 11011
254 1425 508 1486 haberent
544 1426 631 1477 hic
669 1429 936 1478 adiutores
962 1426 1190 1482 multos,
1231 1426 1398 1477 malos
1429 1426 1679 1479 homines,

110 1523 164 1562 et
203 1513 441 1562 audaces.
467 1502 481 1509 '⁷
519 1513 702 1563 Solent
742 1514 882 1562 enim
921 1513 1014 1561 diu
1054 1512 1285 1580 cogitare
1312 1528 1521 1569 omnes,
1579 1517 1676 1582 qui

110 1614 298 1667 magna
339 1598 550 1667 negotia
588 1597 776 1647 volunt
824 1613 989 1667 agere.
1010 1604 1045 1626 ‘⁶
1129 1597 1248 1668 Non
1286 1607 1463 1662 potest
1491 1595 1674 1646 huius-

109 1682 259 1731 modi
309 1697 481 1731 sermo
530 1692 706 1730 tenere
755 1692 1015 1730 attentum
1054 1681 1366 1730 auditorem.
1453 1679 1675 1732 Diffluit
1743 1728 1746 1732 ,

110 1768 251 1815 enim
301 1778 477 1824 totus,
538 1783 709 1835 neque
748 1766 1040 1836 quidquam
1082 1763 1524 1832 comprehendens
1548 1784 1670 1834 ‘per-

109 1847 263 1901 fectis
294 1850 468 1902 verbis
496 1851 841 1918 amplectitur.

221 1937 327 2002 Qui
377 1954 484 1985 non
534 1947 755 2004 possunt
807 1938 864 1984 in
902 1935 994 1985 illa
1030 1933 1360 1987 facetissima>
1386 1935 1670 1988 verborum

111 2023 476 2070 attenuatione
503 2021 780 2070 commode
805 2023 1018 2078 versari,
1058 2024 1278 2071 veniunt
1305 2022 1370 2071 ad
1404 2023 1670 2074 aridum

113 2117 165 2155 et
191 2118 538 2175 exsangue
577 2122 740 2179 genus
775 2091 1064 2164 orationis,
1125 2107 1271 2175 quod
1308 2124 1417 2156 non
1444 2107 1671 2156 alienum

113 2202 191 2239 est
236 2190 363 2238 exile
402 2191 694 2247 nominari,
736 2191 1037 2240 cuiusmodi
1065 2203 1145 2239 est
1167 2190 1297 2240 hoc:
1339 2192 1522 2249 „Nam
1547 2193 1671 2240 istic

109 2274 201 2323 ille
241 2273 554 2324 ad-halueas
595 2277 844 2335 accessit3
896 2276 962 2325 ad
1000 2273 1140 2325 hunc
1174 2288 1355 2342 postea
1382 2276 1540 2335 dicit,
1582 2275 1670 2341 [zie

112 2369 240 2407 emes
265 2374 455 2406 servus
489 2376 566 2406 me
589 2357 851 2424 pulsavit.
925 2362 1115 2433 Postea
1142 2362 1271 2410 dicit
1292 2359 1380 2409 hic
1403 2359 1666 2439 illiztcon-

113 2441 376 2492 siderabo.
448 2445 580 2493 Post
615 2444 703 2493 ille
741 2443 867 2493 huic
900 2447 1199 2495 convicium
1223 2442 1380 2502 fecit,
1421 2455 1471 2492 et
1496 2447 1667 2514 magis

112 2530 385 2599 magisque
422 2523 788 2594 praesentibus
830 2531 1009 2580 multis
1038 2531 1296 2581 clamavit.
1316 2537 1350 2561 ‘⁶
1423 2529 1666 2579 Frivolus

112 2612 201 2663 hic
240 2614 454 2683 quidem
488 2615 592 2662 iam
629 2626 680 2664 et
717 2614 988 2665 illiberalis
1017 2627 1094 2665 est
1120 2632 1307 2665 sermo.
1380 2615 1500 2664 Non
1525 2615 1666 2662 enim

113 2699 329 2765 adeptus
369 2709 447 2746 est
486 2699 573 2757 id»,
626 2700 770 2768 quod
795 2699 955 2752 habet
980 2712 1247 2750 attenuata
1276 2698 1478 2771 figura,
1517 2700 1664 2767 puris

48 2796 51 2801 ’
110 2782 285 2833 verbis
313 2795 364 2832 et
392 2783 570 2833 elect-is
599 2787 944 2852 compositam
976 2786 1285 2837 orationem.
