1878 3198
321 230 988 299 PtHETofflcoRUTM
1042 246 1199 290 ΜΒ.
1249 232 1321 291 11.
1362 249 1402 292 6.
1434 260 1476 303 7.
1591 263 1692 313 ,2ss2

243 404 461 460 Causa
508 403 850 456 distribuitur
886 407 943 455 in
980 395 1383 473 impulsionem,
1435 419 1486 457 et
1523 410 1583 457 in*
1615 428 1696 459 ra-

137 491 558 540 tiocinationem.
624 484 966 558 'Impulsio
1017 503 1123 549 est,
1177 510 1311 560 quae
1351 495 1460 541 sine
1491 496 1695 562 cogita·

138 576 283 624 tione
322 592 414 642 per
437 577 705 647 quandam
738 575 1069 627 affectionem
1097 580 1260 625 animi
1298 576 1467 626 facere
1493 578 1697 647 aliquid

137 658 381 710 hortatur
399 696 412 717 ‚
430 705 434 708 .
455 673 514 709 ut
541 679 705 717 amor,
736 663 1028 718 iracundia,
1058 664 1349 731 aegritudo,
1386 664 1694 722 vinolentia,

136 757 189 794 et
214 748 432 822 omnino
461 749 668 803 omnia,
687 749 752 809 {n
784 746 979 816 quibus
1007 750 1212 795 animus
1241 752 1316 797 ita
1345 750 1552 800 videtur
1576 746 1696 798 affe-

136 842 251 880 ctus
293 828 487 888 fuisse,
526 844 587 881 ut
625 850 732 881 rem
766 837 1059 900 perspicere
1091 850 1209 881 cum
1238 833 1462 887 consilio
1489 846 1540 882 et
1569 852 1698 895 cura

132 933 241 969 non
295 919 562 982 potue1·it;
616 930 665 966 et
683 919 789 974 jd,
839 919 983 987 quod
1024 916 1182 975 fecit,
1224 921 1425 984 impetu
1459 919 1697 988 quodam

132 1003 343 1068 potius,
385 1018 544 1070 quam
584 1005 903 1071 cogitat-ione
943 1001 1143 1051 fecerit.

236 1130 734 1180 Ratiocinatio
778 1142 953 1180 autem
989 1143 1066 1180 est
1106 1132 1326 1201 diligens
1372 1142 1423 1180 et
1460 1133 1694 1182 conside‘

131 1227 246 1263 rata
286 1212 513 1263 faciendi
554 1214 784 1283 aliquid,
826 1228 917 1265 aut
956 1234 1063 1265 non
1098 1214 1326 1266 faciendi
1355 1220 1713 1287 excogitatio.⁴

129 1302 207 1349 Ea
247 1301 442 1349 dicitur
480 1298 782 1348 interfuisse
820 1312 962 1358 tum,
1005 1319 1169 1370 quum
1210 1302 1409 1370 aliquid
1452 1315 1590 1351 certa
1626 1304 1693 1354 de

129 1403 285 1434 causa
335 1388 562 1443 vitasse,
617 1398 708 1433 aut
757 1399 1010 1454 sequutus
1069 1404 1178 1436 csse
1218 1390 1423 1436 animus
1462 1389 1691 1449 videtur,

128 1483 217 1528 ut,
259 1473 304 1520 si
339 1472 610 1519 amicitiae
650 1471 778 1539 quid
820 1489 974 1519 causa
1015 1471 1213 1520 facmm
1244 1473 1479 1531 dicetur,
1521 1478 1564 1521 si
1594 1476 1693 1522 ini-v
1736 1464 1739 1465 ⁷

127 1558 254 1603 mici
291 1555 611 1610 ulciscendi,
670 1558 716 1603 si
752 1569 951 1611 metus,
994 1560 1036 1604 si
1075 1557 1304 1626 gleriae,
1347 1559 1392 1605 si
1421 1562 1691 1623 pecuniae„

131 1643 178 1689 si
216 1641 474 1708 denique,
514 1651 574 1688 ut
614 1643 793 1689 omnia·
831 1644 1116 1711 generatim
1149 1641 1556 1707 amplectamur,
1598 1643 1692 1692 ali-

131 1727 280 1774 cuius
319 1726 614 1787 retinendi,
670 1726 928 1795 augendi,
970 1727 1360 1791 adipiscendive
1400 1729 1687 1787 commodi,

130 1823 222 1859 aut
261 1821 442 1859 contra
480 1811 779 1864 reficiendi,
828 1810 1196 1867 deminuendi,
1239 1812 1572 1862 devitandive
1614 1817 1691 1862 in-

132 1891 397 1945 cominodi
437 1911 609 1943 causa.
686 1896 818 1943 Nam
857 1893 1046 1944 horum
1089 1898 1139 1942 in
1179 1914 1343 1967 genus
1376 1897 1687 1947 alterutrum

130 1979 218 2028 illa
262 1997 474 2047 quoque
513 1980 776 2038 incident,
831 1982 882 2028 in
924 1980 1117 2049 quibus
1159 1994 1249 2030 aut
1291 1979 1688 2032 incounnodum

132 2063 353 2132 aliquod
390 2065 603 2112 maioris
647 2065 844 2114 vitandi
887 2067 1208 2115 incommodi
1238 2085 1420 2124 causa,
1463 2080 1553 2115 aut
1579 2087 1689 2117 ma-

130 2150 261 2199 ioris
302 2149 628 2215 adipiscendi
664 2150 929 2198 commodi
971 2153 1286 2217 suscipitur3
1328 2164 1418 2200 aut
1453 2170 1683 2203 commo-

133 2234 259 2284 dum
315 2233 531 2302 aliquod
588 2236 820 2283 maioris*
853 2235 1180 2301 adipiscendi
1233 2238 1524 2296 commodi,
1591 2250 1685 2289 aut

133 2319 347 2367 maioris
372 2318 575 2367 vitandi
604 2319 956 2378 incommodi,
999 2323 1332 2387 praeteritur.

237 2459 287 2506 7.
361 2449 458 2495 Hic
508 2446 654 2496 loeus
706 2450 844 2498 sicut
893 2450 1111 2518 aliquod
1162 2447 1564 2500 fundamentum
1587 2465 1681 2505 est

131 2530 292 2581 huius
339 2534 752 2583 constitutionis.
840 2535 972 2584 Nam
1013 2533 1147 2583 nihil
1189 2532 1386 2583 factum
1425 2554 1536 2587 esse
1576 2540 1680 2587 cui-

54 2664 67 2673 .
132 2635 292 2685 quam
341 2616 626 2684 probatur,
687 2619 798 2667 nisi
845 2619 1073 2686 aliquid,
1126 2637 1286 2688 quare
1338 2617 1535 2670 factum
1589 2625 1677 2680 sit,

128 2702 447 2751 ostenditur.
522 2704 661 2771 Ergo
701 2715 999 2760 accusator,
1052 2723 1213 2773 quum
1253 2706 1679 2772 impulsione

134 2785 337 2854 aliquid
360 2784 560 2836 factum
587 2804 698 2838 esse
725 2789 895 2847 dicet,
934 2788 1084 2859 illum
1111 2791 1366 2857 impetum
1382 2826 1396 2850 ,
1439 2803 1491 2840 et
1514 2808 1676 2858 quan-
