1878 3198
820 50 833 68 Ι

248 192 251 205 '
307 210 981 277 RHETORICO'RUM
1051 216 1457 272 LIB.11.23.
1572 232 1677 280 515

107 376 281 434 iuria,
350 387 415 426 ut
462 393 571 426 non
621 377 782 426 modo
833 377 949 428 viro
999 374 1174 436 bono,
1212 387 1418 435 'verum
1459 381 1677 441 omnin-o

106 460 316 512 homini
365 461 534 512 libero
585 464 830 513 videatur
870 480 977 512 non
1022 461 1185 512 fuisse
1225 463 1528 532 toleranda3
1593 465 1678 514 de·

77 535 231 596 ,inde
271 548 345 595 ita
379 548 686 614 perspicua,
767 559 829 596 ut
879 565 944 596 ne
994 547 1059 597 ab
1110 550 1226 615 ipso
1276 549 1520 616 quidem,
1583 549 1680 618 qui

107 619 351 694 fecisset,
414 634 470 680 in
518 632 743 682 dubium
790 621 1100 694 vocaretur3
1165 634 1354 691 deinde
1395 634 1676 694 eiusmodi,

105 729 166 767 ut
203 720 259 766 in
303 735 417 767 eam
458 720 504 766 is
542 720 767 768 maxime
804 718 1048 769 debuerit
1083 719 1530 777 animadvertere,
1583 712 1679 787 qui

107 796 568 863 animadverterim
608 816 670 853 ut
707 822 814 854 non
852 815 963 853 tam
1002 815 1233 862 rectum,
1274 817 1526 854 nontam
1567 803 1680 853 fue-

106 889 180 938 rit
230 886 546 947 honestum,
622 892 679 938 in
724 890 983 939 iudicium
1031 889 1177 938 illam
1225 907 1338 938 rem
1384 892 1677 957 pervenire,

105 992 267 1044 quam
307 992 369 1024 eo
406 975 599 1031 modo,
654 986 814 1042 atque
851 974 915 1023 ab
961 991 1023 1024 eo
1062 975 1350 1033 vindicari,
1402 975 1677 1043 quomodo

106 1071 157 1108 et
198 1078 227 1107 a
267 1077 374 1128 quo
414 1061 485 1108 sit
523 1060 821 1119 vindicata3
869 1072 1054 1127 postea
1093 1062 1169 1109 sic
1195 1078 1307 1109 rem
1335 1057 1502 1111 fuisse
1530 1077 1676 1126 aper-

10 1171 31 1194 ·,
103 1153 247 1204 tarn,
308 1158 370 1195 ut
409 1146 668 1195 iudicium
718 1146 782 1195 de
814 1162 894 1203 *ea
937 1164 993 1194 re
1034 1144 1155 1194 fieri
1207 1145 1343 1195 nihil
1382 1147 1675 1195 attinuerit.

103 1233 280 1300 Atque
317 1230 406 1280 hic
447 1230 914 1294 demonstrandum
957 1243 1038 1280 est
1074 1229 1402 1288 rationibus,
1443 1243 1493 1280 et
1518 1231 1676 1280 rebus

103 1315 398 1375 similibus,
438 1315 725 1384 permultas
762 1317 837 1365 ita
874 1327 1107 1374 atroces,
1159 1327 1211 1364 et
1251 1319 1555 1384 perspicuas
1593 1333 1678 1366 res

105 1419 247 1462 esse,
309 1414 370 1451 ut
422 1402 485 1451 de
539 1400 624 1450 his
663 1419 772 1451 non
812 1402 974 1451 modo
1020 1419 1129 1451 non
1163 1419 1371 1451 necesse
1421 1403 1517 1460 sit,
1584 1401 1678 1450 sed

101 1505 169 1536 ne
218 1487 347 1537 utile
375 1487 639 1557 quidem,
703 1505 863 1555 quam
914 1503 1038 1537 mox
1085 1487 1344 1537 iudicium
1375 1484 1501 1536 -fiat
1513 1523 1530 1546 ,
1594 1504 1674 1536 ex-

105 1585 354 1641 spectare.
982 1583 984 1587 ’

210 1661 385 1709 Locus
426 1659 726 1708 communis
766 1659 1085 1708 accusatoris
1111 1660 1168 1707 in
1195 1676 1344 1717 eum,
1387 1658 1481 1727 qui
1509 1674 1677 1726 quum

101 1743 185 1802 id,
227 1745 374 1813 quod
415 1746 683 1815 arguitur,
735 1761 925 1815 negare
966 1762 1072 1794 non
1116 1745 1316 1811 possit,
1368 1754 1544 1806 tamen
1583 1742 1675 1790 ali-

102 1831 236 1898 quid
283 1829 388 1879 sibi
435 1832 546 1897 spei
596 1840 864 1896 comparet
921 1845 980 1876 ex
1032 1829 1353 1878 iudiciorum
1400 1826 1677 1895 perturba-

101 1918 266 1966 tione.
333 1917 533 1984 ·Atque
570 1913 659 1963 hic
697 1914 943 1963 utilitatis
982 1913 1306 1963 iudiciorum
1350 1913 1673 1962 demonstra-

102 2003 214 2060 tio,
278 2012 331 2050 et
367 2001 431 2050 de
469 2017 531 2050 eo
570 2001 913 2068 conquestio,
978 2000 1072 2067 qui
1110 1997 1428 2064 supplicium
1468 1999 1675 2047 dederit

102 2087 468 2144 indemnatus;
530 2086 588 2133 in
625 2087 736 2133 eius
775 2096 980 2141 autem,
1047 2084 1142 2152 qui
1181 2086 1457 2140 sumserit,
1511 2083 1670 2132 auda-

102 2174 238 2220 ciam
266 2183 325 2219 *et
364 2169 762 2228 crudelitatem,
827 2170 1145 2239 indignatio.
1247 2167 1330 2217 Ab
1376 2165 1670 2226 defensore,

30 2237 39 2243 ἡ
100 2259 157 2307 in
198 2260 342 2315 eius,
417 2272 577 2324 quem
630 2254 771 2304 ultus
810 2257 909 2313 sit,
985 2254 1262 2303 audaciam
1324 2254 1669 2320 conquestio;

99 2358 211 2390 rem
252 2358 361 2389 non
398 2358 458 2389 ex
492 2341 705 2388 nomine
743 2341 912 2406 ipsius
953 2340 1186 2408 negotii,
1235 2338 1327 2386 sed
1354 2354 1415 2385 ex
1444 2337 1670 2386 consilio

101 2428 246 2484 eius,
287 2427 383 2494 qui
420 2421 631 2481 fecerit,
671 2437 724 2473 et
757 2442 942 2481 causa,
985 2436 1037 2472 et
1079 2436 1318 2490 tempore
1346 2423 1671 2473 considerari

101 2496 378 2578 oportere3
455 2510 586 2577 quid
623 2508 749 2556 mali
785 2507 1026 2558 futurum
1064 2510 1163 2566 sit,
1226 2519 1316 2556 aut
1345 2516 1416 2556 'ex
1452 2494 1666 2566 iniuria,

100 2608 193 2645 aut
225 2612 285 2644 ex
323 2595 513 2643 scelere
558 2593 809 2650 alicuius,
856 2579 965 2642 nisi
1003 2604 1179 2648 tanta,
1234 2603 1284 2640 et
1321 2594 1667 2658 tamperspi-

100 2696 198 2730 cua
233 2680 455 2729 audacia
495 2678 559 2727 ab
598 2695 689 2736 eo,
729 2679 796 2727 ad
822 2681 971 2726 cuius
998 2675 1223 2734 famam,
1265 2688 1356 2725 aut
1384 2677 1450 2726 ad
1484 2694 1667 2743 paren-

101 2775 211 2824 tes,
275 2777 368 2813 aut
426 2764 494 2814 ad
541 2762 737 2812 liberos
790 2763 1132 2830 pertinuerit,
1198 2773 1291 2811 aut
1330 2762 1396 2812 ad
1435 2761 1666 2831 aliquam
