1878 3198
180 190 784 243 'RHETORIC.1DE
827 199 1154 248 INVENT.
1212 202 1375 258 1118-
1411 215 1477 262 19.
1567 218 1683 265 23⁸1.

289 299 309 308 .-

197 357 306 416 Pag.
341 364 442 415 293.
483 371 531 401 v.
561 368 633 414 29.
694 356 1248 425 demonstrabitur
1288 383 1347 395 —-·
1413 342 1670 410 Hoc„au-

111 441 242 486 ποτε
271 440 523 491 Οιιᾶειὶᾶ.,
567 442 726 485 e-cod·.
758 442 896 489 Leid.
929 458 962 486 1.
1000 443 1162 503 recepi
1188 446 1277 502 pro
1306 443 1442 504 vulg.
1460 458 1679 490 ”ostena

109 526 178 570 de
193 539 319 576 tur,
363 542 424 571 ne
468 525 541 572 bis
584 526 718 570 idem
758 526 963 572 verbum
1015 527 1234 590 deinceps
1276 530 1507 590 positum*
1521 530 1677 575 offen-'-

111 611 254 656 deret.

188 713 302 771 «Pag.
328 724 427 767 300.
453 728 501 756 v.
528 721 570 769 8.
600 727 644 771 9.
675 734 677 737 ·
714 715 953 756 Eorum
994 713 1389 759 mentionem
1428 739 1486 749 --
1529 714 1671 758 feci-

107 791 238 840 mus
280 822 339 832 —-
396 800 547 858 Supra
568 797 676 858 cap.
711 798 778 842 16.
809 798 957 842 huius
983 797 1116 843 libri.

191 899 300 957 Pag.
324 886 423 951 goo.
457 913 505 943 v.
531 911 573 956 9.
633 897 1019 946 Inductione
1058 911 1263 942 autem
1301 922 1360 934 ·-·
1415 898 1559 960 Vulg.
1591 900 1667 943 ad-

106 967 225 1026 dunt
255 998 409 1026 eoru
422 999 485 1032 m,
519 980 648 1042 quod
677 973 801 1027 recte
832 983 962 1028 abest
984 986 1097 1030 Mss.
1132 984 1320 1046 aliquot
1345 983 1488 1037 Oud.2
1522 985 1663 1035 Cass„

107 1066 266 1112 Guelf.
299 1086 349 1118 1„
391 1082 438 1112 et
466 1069 563 1113 iam
592 1068 787 1115 Ernesti
815 1068 966 1117 eiecit,

650 1237 652 1239 >
703 1258 854 1317 Cap.
907 1258 1071 1305 XIX.

280 1327 290 1347 'X

187 1387 422 1444 Pag·500-
456 1392 600 1440 v.13.
655 1385 802 1442 quia
844 1385 1013 1429 ratio
1056 1397 1552 1444 praeceptorum
1594 1384 1664 1428 si-

102 1469 282 1513 milis
324 1483 418 1513 est
458 1494 517 1506 —-
586 1469 780 1513 Inutilis
835 1483 904 1513 est
948 1470 1222 1514 coniectura
1261 1469 1520 1529 Purgoldi,
1579 1469 1666 1528 qui

101 1570 191 1615 pro
228 1553 473 1599 similis
514 1554 614 1614 legi
642 1554 751 1599 vult
781 1554 1016 1599 facilis.
1099 1555 1268 1598 Cicero
1303 1554 1432 1597 enim
1467 1553 1561 1597 hoc
1589 1553 1667 1596 in-r

98 1640 233 1689 nuit,
276 1657 375 1684 non
403 1656 526 1699 opus
558 1656 656 1684 esse
681 1639 739 1706 ad
763 1639 951 1699 singula
979 1638 1347 1683 translationum
1373 1641 1541 1700 genera
1565 1638 1661 1682 sin-

93 1724 226 1785 gulis
277 1724 534 1785 exemplis,
603 1725 717 1785 quia
753 1725 877 1770 ratio
928 1738 1294 1786 praeceptorum
1343 1724 1397 1769 in
1433 1723 1663 1785 omnibus

97 1809 273 1854 similis
307 1811 383 1855 sit.
441 1812 551 1855 Hoc
578 1811 900 1870 explicatione
930 1827 1012 1854 sua
1048 1810 1212 1854 firmat
1237 1809 1421 1853 Marius
1449 1808 1661 1857 Victori-

95 1912 212 1940 nus:
270 1897 462 1946 „Cum
514 1896 680 1939 enim
721 1909 1062 1957 praecepta
1106 1896 1168 1939 in
1211 1895 1381 1939 omni
1433 1909 1660 1954 genere

96 1980 553 2026 translationis
611 1974 820 2026 eade'm
874 1983 1035 2032 sint,
1089 1981 1158 2024 ad
1203 1979 1660 2024 diversitatem

95 2066 343 2111 frustra
397 2068 679 2128 exempla
737 2081 1150 2128 quaerentur.
1224 2066 1449 2110 Eadem
1493 2065 1683 2129 enim¹

93 2165 582 2213 praeceptorum
624 2153 792 2196 ratio
835 2153 902 2197 in
943 2152 1242 2197 omnibus
1285 2150 1658 2195 translatio·

92 2238 192 2281 nis
238 2238 533 2298 partibus
573 2250 631 2282 et
673 2237 912 2298 ubique
952 2237 1388 2284 servabitur.“
1447 2234 1654 2299 Siquid

91 2323 377 2367 mutandum
406 2337 538 2373 esset,
572 2323 858 2384 praeferrem
886 2323 1157 2368 doctissimi
1179 2320 1466 2366 Iacobsii
1501 2336 1656 2363 emen-

94 2407 362 2458 dationem,
418 2408 471 2451 in
510 2425 707 2453 censura
753 2409 1224 2466 animadyersionum
1275 2404 1510 2465 Purgoldi
1545 2420 1654 2464 pro-

91 2476 298 2553 positam
340 2493 550 2554 (Aug.
587 2494 718 2538 Lit.
749 2495 908 2538 zeit.
941 2503 1064 2549 1802.
1109 2492 1238 2537 scida
1267 2492 1410 2545 250),
1442 2503 1497 2535 ut
1528 2489 1653 2549 lege-

89 2591 243 2622 retur:
288 2579 459 2622 ratio
502 2581 994 2639 praeceptorum
1035 2579 1291 2635 simplex
1323 2589 1431 2620 est.
1489 2576 1656 2620 Enim·

89 2679 206 2707 vero
252 2662 494 2708 similis
539 2664 743 2707 eundem
777 2680 966 2710 sensum
1003 2664 1155 2724 parim
1213 2676 1259 2707 et
1305 2648 1471 2707 eodem
1503 2654 1651 2704 modo

92 2750 302 2806 positum
335 2751 543 2794 occurrit
573 2766 612 2794 c,
641 2761 711 2803 32.
744 2749 851 2793 init.
