<?xml version="1.0" encoding="UTF-8"?>
<!DOCTYPE html PUBLIC "-//W3C//DTD XHTML 1.0 Transitional//EN"
    "http://www.w3.org/TR/xhtml1/DTD/xhtml1-transitional.dtd">
<html xmlns="http://www.w3.org/1999/xhtml" xml:lang="en" lang="en">
 <head>
  <title>
</title>
<meta http-equiv="Content-Type" content="text/html;charset=utf-8" />
  <meta name='ocr-system' content='tesseract 3.04.00' />
  <meta name='ocr-capabilities' content='ocr_page ocr_carea ocr_par ocr_line ocrx_word'/>
</head>
<body>
  <div class='ocr_page' id='page_1' title='image "./p1selectedworkso01ciceuoft_0167.png"; bbox 0 0 1924 3224; ppageno 0'>
   <div class='ocr_carea' id='block_1_1' title="bbox 242 231 1698 299">
    <p class='ocr_par' dir='ltr' id='par_1_1' title="bbox 242 231 1698 299">
     <span class='ocr_line' id='line_1_1' title="bbox 242 231 1698 299; baseline 0.001 -19"><span class='ocrx_word' id='word_1_1' title='bbox 242 233 344 280; x_wconf 84' lang='lat' dir='ltr'><strong>AD</strong></span> <span class='ocrx_word' id='word_1_2' title='bbox 395 231 900 287; x_wconf 79' lang='lat' dir='ltr'>HERENNIUM</span> <span class='ocrx_word' id='word_1_3' title='bbox 958 232 1121 278; x_wconf 85' lang='lat' dir='ltr'><strong>LIB.</strong></span> <span class='ocrx_word' id='word_1_4' title='bbox 1162 233 1288 279; x_wconf 89' lang='lat'>111.</span> <span class='ocrx_word' id='word_1_5' title='bbox 1327 244 1398 289; x_wconf 87' lang='lat'><strong>23.</strong></span> <span class='ocrx_word' id='word_1_6' title='bbox 1451 239 1534 294; x_wconf 77' lang='lat'><strong>24.</strong></span> <span class='ocrx_word' id='word_1_7' title='bbox 1600 248 1698 299; x_wconf 74' lang='lat'><strong>103</strong></span> 
     </span>
    </p>
   </div>
   <div class='ocr_carea' id='block_1_2' title="bbox 50 390 1724 2839">
    <p class='ocr_par' dir='ltr' id='par_1_2' title="bbox 121 390 1724 2173">
     <span class='ocr_line' id='line_1_2' title="bbox 126 390 1692 465; baseline 0.001 -19"><span class='ocrx_word' id='word_1_8' title='bbox 126 394 483 465; x_wconf 30' lang='lat' dir='ltr'><strong>menubiliums</strong></span> <span class='ocrx_word' id='word_1_9' title='bbox 509 393 855 445; x_wconf 86' lang='lat' dir='ltr'><strong>multitudine</strong></span> <span class='ocrx_word' id='word_1_10' title='bbox 893 394 1180 450; x_wconf 66' lang='lat' dir='ltr'><strong>ridissulum</strong></span> <span class='ocrx_word' id='word_1_11' title='bbox 1229 397 1300 444; x_wconf 84' lang='lat' dir='ltr'><strong>sit</strong></span> <span class='ocrx_word' id='word_1_12' title='bbox 1311 390 1352 454; x_wconf 67' lang='grc'><strong>·,’</strong></span> <span class='ocrx_word' id='word_1_13' title='bbox 1393 396 1550 445; x_wconf 31' lang='lat' dir='ltr'><strong>mille*</strong></span> <span class='ocrx_word' id='word_1_14' title='bbox 1581 404 1692 448; x_wconf 74' lang='lat' dir='ltr'><strong>vei-&#39;-</strong></span> 
     </span>
     <span class='ocr_line' id='line_1_3' title="bbox 121 479 1694 551; baseline 0.001 -20"><span class='ocrx_word' id='word_1_15' title='bbox 121 479 316 537; x_wconf 84' lang='lat' dir='ltr'><strong>borum</strong></span> <span class='ocrx_word' id='word_1_16' title='bbox 340 482 598 551; x_wconf 86' lang='lat' dir='ltr'>imagines</span> <span class='ocrx_word' id='word_1_17' title='bbox 623 498 940 548; x_wconf 86' lang='lat' dir='ltr'><strong>comparare.</strong></span> <span class='ocrx_word' id='word_1_18' title='bbox 1020 481 1350 547; x_wconf 82' lang='lat' dir='ltr'><strong>Quantulum</strong></span> <span class='ocrx_word' id='word_1_19' title='bbox 1378 484 1520 531; x_wconf 87' lang='lat' dir='ltr'><strong>enim</strong></span> <span class='ocrx_word' id='word_1_20' title='bbox 1542 490 1694 550; x_wconf 85' lang='lat' dir='ltr'><strong>&#39;pote-</strong></span> 
     </span>
     <span class='ocr_line' id='line_1_4' title="bbox 122 564 1694 636; baseline 0.001 -20"><span class='ocrx_word' id='word_1_21' title='bbox 122 578 249 616; x_wconf 84' lang='lat' dir='ltr'><strong>runt</strong></span> <span class='ocrx_word' id='word_1_22' title='bbox 286 565 385 615; x_wconf 86' lang='lat' dir='ltr'><strong>hae</strong></span> <span class='ocrx_word' id='word_1_23' title='bbox 422 566 620 624; x_wconf 87' lang='lat' dir='ltr'><strong>valere,</strong></span> <span class='ocrx_word' id='word_1_24' title='bbox 661 585 828 636; x_wconf 89' lang='lat' dir='ltr'><strong>quum</strong></span> <span class='ocrx_word' id='word_1_25' title='bbox 863 584 924 616; x_wconf 84' lang='lat' dir='ltr'><strong>ex</strong></span> <span class='ocrx_word' id='word_1_26' title='bbox 962 564 1178 616; x_wconf 84' lang='lat' dir='ltr'><strong>infinita</strong></span> <span class='ocrx_word' id='word_1_27' title='bbox 1206 566 1491 618; x_wconf 86' lang='lat' dir='ltr'><strong>verborum</strong></span> <span class='ocrx_word' id='word_1_28' title='bbox 1523 570 1694 634; x_wconf 88' lang='lat' dir='ltr'><strong>copia,</strong></span> 
     </span>
     <span class='ocr_line' id='line_1_5' title="bbox 122 652 1698 710; baseline 0 -8"><span class='ocrx_word' id='word_1_29' title='bbox 122 652 286 709; x_wconf 83' lang='lat' dir='ltr'><strong>modo</strong></span> <span class='ocrx_word' id='word_1_30' title='bbox 337 652 513 710; x_wconf 87' lang='lat' dir='ltr'><strong>aliud,</strong></span> <span class='ocrx_word' id='word_1_31' title='bbox 577 653 740 703; x_wconf 89' lang='lat' dir='ltr'><strong>modo</strong></span> <span class='ocrx_word' id='word_1_32' title='bbox 795 652 943 702; x_wconf 88' lang='lat' dir='ltr'><strong>aliud</strong></span> <span class='ocrx_word' id='word_1_33' title='bbox 991 669 1090 702; x_wconf 89' lang='lat' dir='ltr'><strong>nos</strong></span> <span class='ocrx_word' id='word_1_34' title='bbox 1129 652 1351 703; x_wconf 88' lang='lat' dir='ltr'><strong>verbum</strong></span> <span class='ocrx_word' id='word_1_35' title='bbox 1388 656 1698 703; x_wconf 79' lang='lat' dir='ltr'><strong>meminisse</strong></span> 
     </span>
     <span class='ocr_line' id='line_1_6' title="bbox 122 736 1696 809; baseline 0.001 -22"><span class='ocrx_word' id='word_1_36' title='bbox 122 736 434 805; x_wconf 69' lang='lat' dir='ltr'><strong>oportebit?</strong></span> <span class='ocrx_word' id='word_1_37' title='bbox 470 739 674 787; x_wconf 85' lang='lat' dir='ltr'>Deinde</span> <span class='ocrx_word' id='word_1_38' title='bbox 713 755 805 787; x_wconf 89' lang='lat' dir='ltr'><strong>cur</strong></span> <span class='ocrx_word' id='word_1_39' title='bbox 841 738 1084 789; x_wconf 89' lang='lat' dir='ltr'><strong>volumus</strong></span> <span class='ocrx_word' id='word_1_40' title='bbox 1124 737 1189 787; x_wconf 88' lang='lat' dir='ltr'><strong>ab</strong></span> <span class='ocrx_word' id='word_1_41' title='bbox 1223 739 1489 789; x_wconf 82' lang='lat' dir='ltr'><strong>industria</strong></span> <span class='ocrx_word' id='word_1_42' title='bbox 1516 756 1696 809; x_wconf 85' lang='lat' dir='ltr'><strong>quem-</strong></span> 
     </span>
     <span class='ocr_line' id='line_1_7' title="bbox 121 825 1697 893; baseline 0.003 -23"><span class='ocrx_word' id='word_1_43' title='bbox 121 831 292 893; x_wconf 80' lang='lat' dir='ltr'><strong>quam</strong></span> <span class='ocrx_word' id='word_1_44' title='bbox 322 840 622 882; x_wconf 84' lang='lat' dir='ltr'><strong>removere,</strong></span> <span class='ocrx_word' id='word_1_45' title='bbox 695 836 758 873; x_wconf 87' lang='lat' dir='ltr'><strong>ut</strong></span> <span class='ocrx_word' id='word_1_46' title='bbox 794 841 859 873; x_wconf 91' lang='lat' dir='ltr'><strong>ne</strong></span> <span class='ocrx_word' id='word_1_47' title='bbox 897 825 1028 893; x_wconf 86' lang='lat' dir='ltr'><strong>quid</strong></span> <span class='ocrx_word' id='word_1_48' title='bbox 1065 826 1177 891; x_wconf 90' lang='lat' dir='ltr'><strong>ipse</strong></span> <span class='ocrx_word' id='word_1_49' title='bbox 1214 836 1464 893; x_wconf 85' lang='lat' dir='ltr'><strong>quaerat,</strong></span> <span class='ocrx_word' id='word_1_50' title='bbox 1530 842 1697 893; x_wconf 88' lang='lat' dir='ltr'><strong>quum</strong></span> 
     </span>
     <span class='ocr_line' id='line_1_8' title="bbox 121 907 1695 979; baseline 0.001 -21"><span class='ocrx_word' id='word_1_51' title='bbox 121 926 222 958; x_wconf 85' lang='lat' dir='ltr'><strong>nos</strong></span> <span class='ocrx_word' id='word_1_52' title='bbox 260 909 341 958; x_wconf 78' lang='lat' dir='ltr'><strong>illi</strong></span> <span class='ocrx_word' id='word_1_53' title='bbox 377 911 556 959; x_wconf 90' lang='lat' dir='ltr'><strong>omnia</strong></span> <span class='ocrx_word' id='word_1_54' title='bbox 592 920 776 976; x_wconf 80' lang='lat' dir='ltr'><strong>parata</strong></span> <span class='ocrx_word' id='word_1_55' title='bbox 814 911 1161 979; x_wconf 84' lang='lat' dir='ltr'><strong>quaesitaque</strong></span> <span class='ocrx_word' id='word_1_56' title='bbox 1198 907 1508 960; x_wconf 73' lang='lat' dir='ltr'><strong>tradamus?</strong></span> <span class='ocrx_word' id='word_1_57' title='bbox 1545 912 1695 959; x_wconf 82' lang='lat' dir='ltr'><strong>Prae-</strong></span> 
     </span>
     <span class='ocr_line' id='line_1_9' title="bbox 121 994 1694 1066; baseline 0.001 -23"><span class='ocrx_word' id='word_1_58' title='bbox 121 1005 268 1043; x_wconf 88' lang='lat' dir='ltr'><strong>terea</strong></span> <span class='ocrx_word' id='word_1_59' title='bbox 317 995 667 1045; x_wconf 85' lang='lat' dir='ltr'><strong>similitudine</strong></span> <span class='ocrx_word' id='word_1_60' title='bbox 719 995 823 1043; x_wconf 89' lang='lat' dir='ltr'><strong>alia</strong></span> <span class='ocrx_word' id='word_1_61' title='bbox 883 994 1017 1043; x_wconf 90' lang='lat' dir='ltr'><strong>alius</strong></span> <span class='ocrx_word' id='word_1_62' title='bbox 1081 996 1248 1066; x_wconf 82' lang='lat' dir='ltr'><strong>magis</strong></span> <span class='ocrx_word' id='word_1_63' title='bbox 1311 1005 1694 1045; x_wconf 84' lang='lat' dir='ltr'><strong>commovetur.</strong></span> 
     </span>
     <span class='ocr_line' id='line_1_10' title="bbox 122 1076 1698 1148; baseline 0 -18"><span class='ocrx_word' id='word_1_64' title='bbox 122 1081 259 1130; x_wconf 86' lang='lat' dir='ltr'><strong>Nam</strong></span> <span class='ocrx_word' id='word_1_65' title='bbox 298 1092 359 1128; x_wconf 89' lang='lat' dir='ltr'><strong>ut</strong></span> <span class='ocrx_word' id='word_1_66' title='bbox 395 1096 575 1146; x_wconf 80' lang='lat' dir='ltr'><strong>saepe,</strong></span> <span class='ocrx_word' id='word_1_67' title='bbox 631 1076 860 1129; x_wconf 88' lang='lat' dir='ltr'><strong>formam</strong></span> <span class='ocrx_word' id='word_1_68' title='bbox 899 1081 947 1129; x_wconf 86' lang='lat' dir='ltr'><strong>si</strong></span> <span class='ocrx_word' id='word_1_69' title='bbox 988 1098 1151 1148; x_wconf 82' lang='lat' dir='ltr'><strong>quam</strong></span> <span class='ocrx_word' id='word_1_70' title='bbox 1191 1080 1419 1128; x_wconf 85' lang='lat' dir='ltr'><strong>similem</strong></span> <span class='ocrx_word' id='word_1_71' title='bbox 1459 1081 1698 1146; x_wconf 83' lang='lat' dir='ltr'><strong>cuipiam</strong></span> 
     </span>
     <span class='ocr_line' id='line_1_11' title="bbox 123 1162 1698 1226; baseline 0.002 -11"><span class='ocrx_word' id='word_1_72' title='bbox 123 1164 412 1215; x_wconf 84' lang='lat' dir='ltr'><strong>dixerimus</strong></span> <span class='ocrx_word' id='word_1_73' title='bbox 465 1181 606 1221; x_wconf 90' lang='lat' dir='ltr'><strong>esse,</strong></span> <span class='ocrx_word' id='word_1_74' title='bbox 680 1182 789 1214; x_wconf 90' lang='lat' dir='ltr'><strong>non</strong></span> <span class='ocrx_word' id='word_1_75' title='bbox 839 1182 1022 1214; x_wconf 88' lang='lat' dir='ltr'><strong>omues</strong></span> <span class='ocrx_word' id='word_1_76' title='bbox 1071 1162 1328 1214; x_wconf 89' lang='lat' dir='ltr'><strong>habemus</strong></span> <span class='ocrx_word' id='word_1_77' title='bbox 1374 1182 1698 1226; x_wconf 78' lang='lat' dir='ltr'><strong>assensoreS,</strong></span> 
     </span>
     <span class='ocr_line' id='line_1_12' title="bbox 123 1246 1699 1319; baseline 0.001 -21"><span class='ocrx_word' id='word_1_78' title='bbox 123 1250 271 1318; x_wconf 80' lang='lat' dir='ltr'><strong>quod</strong></span> <span class='ocrx_word' id='word_1_79' title='bbox 310 1249 402 1298; x_wconf 90' lang='lat' dir='ltr'><strong>alii</strong></span> <span class='ocrx_word' id='word_1_80' title='bbox 439 1250 651 1301; x_wconf 87' lang='lat' dir='ltr'><strong>videtur</strong></span> <span class='ocrx_word' id='word_1_81' title='bbox 689 1249 863 1299; x_wconf 82' lang='lat' dir='ltr'><strong>aliud:</strong></span> <span class='ocrx_word' id='word_1_82' title='bbox 904 1250 980 1298; x_wconf 82' lang='lat' dir='ltr'><strong>ita</strong></span> <span class='ocrx_word' id='word_1_83' title='bbox 1017 1246 1086 1298; x_wconf 80' lang='lat' dir='ltr'><strong>fit</strong></span> <span class='ocrx_word' id='word_1_84' title='bbox 1125 1251 1183 1297; x_wconf 91' lang='lat' dir='ltr'><strong>in</strong></span> <span class='ocrx_word' id='word_1_85' title='bbox 1219 1249 1577 1319; x_wconf 84' lang='lat' dir='ltr'><strong>imaginihus,</strong></span> <span class='ocrx_word' id='word_1_86' title='bbox 1635 1262 1699 1300; x_wconf 76' lang='lat' dir='ltr'><strong>ut</strong></span> 
     </span>
     <span class='ocr_line' id='line_1_13' title="bbox 122 1334 1696 1406; baseline 0.001 -23"><span class='ocrx_word' id='word_1_87' title='bbox 122 1352 261 1404; x_wconf 81' lang='lat' dir='ltr'><strong>quae</strong></span> <span class='ocrx_word' id='word_1_88' title='bbox 297 1334 454 1385; x_wconf 88' lang='lat' dir='ltr'><strong>nobis</strong></span> <span class='ocrx_word' id='word_1_89' title='bbox 494 1335 775 1406; x_wconf 84' lang='lat' dir='ltr'><strong>diligenter</strong></span> <span class='ocrx_word' id='word_1_90' title='bbox 823 1345 1038 1384; x_wconf 86' lang='lat' dir='ltr'><strong>notatae</strong></span> <span class='ocrx_word' id='word_1_91' title='bbox 1075 1337 1213 1393; x_wconf 86' lang='lat' dir='ltr'><strong>sint,</strong></span> <span class='ocrx_word' id='word_1_92' title='bbox 1267 1352 1357 1384; x_wconf 89' lang='lat' dir='ltr'><strong>eae</strong></span> <span class='ocrx_word' id='word_1_93' title='bbox 1393 1354 1583 1403; x_wconf 88' lang='lat' dir='ltr'><strong>parum</strong></span> <span class='ocrx_word' id='word_1_94' title='bbox 1624 1337 1696 1386; x_wconf 85' lang='lat' dir='ltr'><strong>vi·</strong></span> 
     </span>
     <span class='ocr_line' id='line_1_14' title="bbox 123 1419 1724 1491; baseline -0.002 -21"><span class='ocrx_word' id='word_1_95' title='bbox 123 1419 350 1470; x_wconf 86' lang='lat' dir='ltr'><strong>deantur</strong></span> <span class='ocrx_word' id='word_1_96' title='bbox 400 1422 631 1491; x_wconf 86' lang='lat' dir='ltr'><strong>insigues</strong></span> <span class='ocrx_word' id='word_1_97' title='bbox 683 1420 818 1471; x_wconf 90' lang='lat' dir='ltr'><strong>aliis.</strong></span> <span class='ocrx_word' id='word_1_98' title='bbox 908 1421 1083 1487; x_wconf 82' lang='lat' dir='ltr'><strong>Quare</strong></span> <span class='ocrx_word' id='word_1_99' title='bbox 1131 1419 1235 1470; x_wconf 89' lang='lat' dir='ltr'><strong>sibi</strong></span> <span class='ocrx_word' id='word_1_100' title='bbox 1281 1438 1545 1490; x_wconf 86' lang='lat' dir='ltr'><strong>quemque</strong></span> <span class='ocrx_word' id='word_1_101' title='bbox 1594 1438 1724 1473; x_wconf 74' lang='lat' dir='ltr'><strong>suov</strong></span> 
     </span>
     <span class='ocr_line' id='line_1_15' title="bbox 124 1506 1695 1576; baseline 0.002 -22"><span class='ocrx_word' id='word_1_102' title='bbox 124 1506 405 1555; x_wconf 87' lang='lat' dir='ltr'><strong>commodo</strong></span> <span class='ocrx_word' id='word_1_103' title='bbox 445 1507 694 1556; x_wconf 85' lang='lat' dir='ltr'><strong>convenit</strong></span> <span class='ocrx_word' id='word_1_104' title='bbox 729 1506 986 1576; x_wconf 85' lang='lat' dir='ltr'><strong>imagines</strong></span> <span class='ocrx_word' id='word_1_105' title='bbox 1022 1523 1340 1573; x_wconf 87' lang='lat' dir='ltr'><strong>comparare.</strong></span> <span class='ocrx_word' id='word_1_106' title='bbox 1417 1508 1695 1559; x_wconf 82' lang='lat' dir='ltr'><strong>Postremo</strong></span> 
     </span>
     <span class='ocr_line' id='line_1_16' title="bbox 121 1590 1723 1661; baseline 0.001 -22"><span class='ocrx_word' id='word_1_107' title='bbox 121 1593 477 1658; x_wconf 86' lang='lat' dir='ltr'><strong>praeceptoris</strong></span> <span class='ocrx_word' id='word_1_108' title='bbox 502 1601 583 1638; x_wconf 85' lang='lat' dir='ltr'><strong>est</strong></span> <span class='ocrx_word' id='word_1_109' title='bbox 607 1590 811 1649; x_wconf 88' lang='lat' dir='ltr'><strong>docere,</strong></span> <span class='ocrx_word' id='word_1_110' title='bbox 853 1592 1302 1659; x_wconf 82' lang='lat' dir='ltr'><strong>quemadmodum</strong></span> <span class='ocrx_word' id='word_1_111' title='bbox 1330 1593 1514 1661; x_wconf 84' lang='lat' dir='ltr'><strong>quaeri</strong></span> <span class='ocrx_word' id='word_1_112' title='bbox 1543 1591 1698 1660; x_wconf 85' lang='lat' dir='ltr'><strong>quid·</strong></span> <span class='ocrx_word' id='word_1_113' title='bbox 1721 1627 1723 1630; x_wconf 54' lang='lat'>&lt;</span> 
     </span>
     <span class='ocr_line' id='line_1_17' title="bbox 124 1664 1698 1745; baseline 0.002 -22"><span class='ocrx_word' id='word_1_114' title='bbox 124 1692 230 1744; x_wconf 88' lang='lat' dir='ltr'><strong>que</strong></span> <span class='ocrx_word' id='word_1_115' title='bbox 269 1677 577 1733; x_wconf 85' lang='lat' dir='ltr'><strong>conveniat,</strong></span> <span class='ocrx_word' id='word_1_116' title='bbox 619 1685 672 1724; x_wconf 86' lang='lat' dir='ltr'><strong>et</strong></span> <span class='ocrx_word' id='word_1_117' title='bbox 699 1693 862 1730; x_wconf 86' lang='lat' dir='ltr'><strong>unum</strong></span> <span class='ocrx_word' id='word_1_118' title='bbox 886 1669 1136 1745; x_wconf 77' lang='lat' dir='ltr'><strong>aliquod,</strong></span> <span class='ocrx_word' id='word_1_119' title='bbox 1177 1664 1273 1731; x_wconf 84' lang='lat' dir='ltr'><strong>aut</strong></span> <span class='ocrx_word' id='word_1_120' title='bbox 1297 1677 1546 1733; x_wconf 78' lang='lat' dir='ltr'><strong>alterum,</strong></span> <span class='ocrx_word' id='word_1_121' title='bbox 1587 1694 1698 1726; x_wconf 91' lang='lat' dir='ltr'><strong>non</strong></span> 
     </span>
     <span class='ocr_line' id='line_1_18' title="bbox 125 1751 1696 1831; baseline 0 -21"><span class='ocrx_word' id='word_1_122' title='bbox 125 1762 334 1819; x_wconf 88' lang='lat' dir='ltr'><strong>omnia,</strong></span> <span class='ocrx_word' id='word_1_123' title='bbox 374 1778 509 1829; x_wconf 89' lang='lat' dir='ltr'><strong>quae</strong></span> <span class='ocrx_word' id='word_1_124' title='bbox 537 1762 648 1810; x_wconf 89' lang='lat' dir='ltr'><strong>eius</strong></span> <span class='ocrx_word' id='word_1_125' title='bbox 683 1763 887 1831; x_wconf 85' lang='lat' dir='ltr'><strong>generis</strong></span> <span class='ocrx_word' id='word_1_126' title='bbox 913 1773 1097 1820; x_wconf 84' lang='lat' dir='ltr'><strong>erunt,</strong></span> <span class='ocrx_word' id='word_1_127' title='bbox 1137 1762 1360 1830; x_wconf 88' lang='lat' dir='ltr'><strong>exempli</strong></span> <span class='ocrx_word' id='word_1_128' title='bbox 1389 1779 1544 1811; x_wconf 89' lang='lat' dir='ltr'><strong>causa</strong></span> <span class='ocrx_word' id='word_1_129' title='bbox 1572 1751 1696 1810; x_wconf 86' lang='lat' dir='ltr'><strong>sub-</strong></span> 
     </span>
     <span class='ocr_line' id='line_1_19' title="bbox 122 1845 1698 1917; baseline 0.002 -24"><span class='ocrx_word' id='word_1_130' title='bbox 122 1845 316 1903; x_wconf 89' lang='lat' dir='ltr'><strong>iicere,</strong></span> <span class='ocrx_word' id='word_1_131' title='bbox 357 1863 464 1914; x_wconf 86' lang='lat' dir='ltr'><strong>quo</strong></span> <span class='ocrx_word' id='word_1_132' title='bbox 490 1864 572 1896; x_wconf 87' lang='lat' dir='ltr'><strong>res</strong></span> <span class='ocrx_word' id='word_1_133' title='bbox 597 1847 770 1914; x_wconf 83' lang='lat' dir='ltr'><strong>possit</strong></span> <span class='ocrx_word' id='word_1_134' title='bbox 797 1846 1241 1917; x_wconf 22' lang='lat' dir='ltr'><strong>esse&#39;dilucidior.</strong></span> <span class='ocrx_word' id='word_1_135' title='bbox 1317 1851 1389 1899; x_wconf 88' lang='lat' dir='ltr'><strong>Ut</strong></span> <span class='ocrx_word' id='word_1_136' title='bbox 1417 1866 1594 1917; x_wconf 81' lang='lat' dir='ltr'><strong>quum</strong></span> <span class='ocrx_word' id='word_1_137' title='bbox 1632 1848 1698 1897; x_wconf 89' lang='lat' dir='ltr'><strong>de</strong></span> 
     </span>
     <span class='ocr_line' id='line_1_20' title="bbox 123 1932 1697 2002; baseline 0.001 -22"><span class='ocrx_word' id='word_1_138' title='bbox 123 1933 414 1998; x_wconf 83' lang='lat' dir='ltr'><strong>prooemiis</strong></span> <span class='ocrx_word' id='word_1_139' title='bbox 452 1932 765 2002; x_wconf 83' lang='lat' dir='ltr'><strong>quaerendis</strong></span> <span class='ocrx_word' id='word_1_140' title='bbox 796 1932 1159 1999; x_wconf 85' lang='lat' dir='ltr'><strong>disputamus,</strong></span> <span class='ocrx_word' id='word_1_141' title='bbox 1219 1936 1481 1984; x_wconf 89' lang='lat' dir='ltr'><strong>rationem</strong></span> <span class='ocrx_word' id='word_1_142' title='bbox 1509 1934 1697 1983; x_wconf 89' lang='lat' dir='ltr'><strong>damus</strong></span> 
     </span>
     <span class='ocr_line' id='line_1_21' title="bbox 126 2016 1705 2089; baseline 0.002 -25"><span class='ocrx_word' id='word_1_143' title='bbox 126 2017 444 2084; x_wconf 88' lang='lat' dir='ltr'><strong>quaerendi,</strong></span> <span class='ocrx_word' id='word_1_144' title='bbox 495 2035 604 2067; x_wconf 91' lang='lat' dir='ltr'><strong>non</strong></span> <span class='ocrx_word' id='word_1_145' title='bbox 637 2016 780 2066; x_wconf 89' lang='lat' dir='ltr'><strong>mille</strong></span> <span class='ocrx_word' id='word_1_146' title='bbox 809 2020 1207 2084; x_wconf 75' lang='lat' dir='ltr'><strong>prooemiorum</strong></span> <span class='ocrx_word' id='word_1_147' title='bbox 1243 2036 1431 2089; x_wconf 86' lang='lat' dir='ltr'><strong>genera</strong></span> <span class='ocrx_word' id='word_1_148' title='bbox 1467 2020 1705 2068; x_wconf 75' lang='lat' dir='ltr'><strong>conseri-</strong></span> 
     </span>
     <span class='ocr_line' id='line_1_22' title="bbox 127 2098 1694 2173; baseline 0.004 -25"><span class='ocrx_word' id='word_1_149' title='bbox 127 2098 331 2152; x_wconf 83' lang='lat' dir='ltr'><strong>bimus:</strong></span> <span class='ocrx_word' id='word_1_150' title='bbox 365 2104 442 2152; x_wconf 84' lang='lat' dir='ltr'><strong>ita</strong></span> <span class='ocrx_word' id='word_1_151' title='bbox 467 2101 786 2152; x_wconf 85' lang='lat' dir='ltr'><strong>arbitramur</strong></span> <span class='ocrx_word' id='word_1_152' title='bbox 809 2103 874 2157; x_wconf 84' lang='lat' dir='ltr'><strong>de</strong></span> <span class='ocrx_word' id='word_1_153' title='bbox 900 2103 1222 2173; x_wconf 83' lang='lat' dir='ltr'><strong>imaginibus</strong></span> <span class='ocrx_word' id='word_1_154' title='bbox 1249 2101 1371 2152; x_wconf 83' lang='lat' dir='ltr'><strong>fieri</strong></span> <span class='ocrx_word' id='word_1_155' title='bbox 1397 2105 1694 2154; x_wconf 85' lang='lat' dir='ltr'><strong>convenire.</strong></span> 
     </span>
    </p>

    <p class='ocr_par' dir='ltr' id='par_1_3' title="bbox 50 2184 1698 2839">
     <span class='ocr_line' id='line_1_23' title="bbox 235 2184 1697 2250; baseline 0 -14"><span class='ocrx_word' id='word_1_156' title='bbox 235 2197 319 2250; x_wconf 76' lang='lat'><strong>24.</strong></span> <span class='ocrx_word' id='word_1_157' title='bbox 368 2189 548 2245; x_wconf 87' lang='lat' dir='ltr'><strong>Nunc,</strong></span> <span class='ocrx_word' id='word_1_158' title='bbox 609 2205 673 2237; x_wconf 90' lang='lat' dir='ltr'><strong>ne</strong></span> <span class='ocrx_word' id='word_1_159' title='bbox 711 2184 850 2238; x_wconf 85' lang='lat' dir='ltr'><strong>forte</strong></span> <span class='ocrx_word' id='word_1_160' title='bbox 885 2187 1169 2240; x_wconf 83' lang='lat' dir='ltr'><strong>verborum</strong></span> <span class='ocrx_word' id='word_1_161' title='bbox 1207 2191 1547 2245; x_wconf 88' lang='lat' dir='ltr'><strong>memoriam,</strong></span> <span class='ocrx_word' id='word_1_162' title='bbox 1596 2199 1697 2237; x_wconf 81' lang='lat' dir='ltr'><strong>aut</strong></span> 
     </span>
     <span class='ocr_line' id='line_1_24' title="bbox 126 2271 1698 2342; baseline 0.002 -22"><span class='ocrx_word' id='word_1_163' title='bbox 126 2272 288 2320; x_wconf 84' lang='lat' dir='ltr'><strong>nimis</strong></span> <span class='ocrx_word' id='word_1_164' title='bbox 329 2271 637 2331; x_wconf 79' lang='lat' dir='ltr'><strong>difficilem,</strong></span> <span class='ocrx_word' id='word_1_165' title='bbox 715 2285 807 2323; x_wconf 86' lang='lat' dir='ltr'><strong>aut</strong></span> <span class='ocrx_word' id='word_1_166' title='bbox 840 2292 1026 2340; x_wconf 88' lang='lat' dir='ltr'><strong>parum</strong></span> <span class='ocrx_word' id='word_1_167' title='bbox 1074 2275 1260 2324; x_wconf 89' lang='lat' dir='ltr'><strong>utilem</strong></span> <span class='ocrx_word' id='word_1_168' title='bbox 1300 2274 1602 2342; x_wconf 68' lang='lat' dir='ltr'><strong>arbitrere,</strong></span> <span class='ocrx_word' id='word_1_169' title='bbox 1643 2284 1698 2323; x_wconf 84' lang='lat' dir='ltr'><strong>et</strong></span> 
     </span>
     <span class='ocr_line' id='line_1_25' title="bbox 126 2357 1694 2429; baseline 0.001 -23"><span class='ocrx_word' id='word_1_170' title='bbox 126 2357 363 2424; x_wconf 90' lang='lat' dir='ltr'><strong>ipsarum</strong></span> <span class='ocrx_word' id='word_1_171' title='bbox 389 2360 644 2407; x_wconf 87' lang='lat' dir='ltr'><strong>memoria</strong></span> <span class='ocrx_word' id='word_1_172' title='bbox 669 2375 846 2408; x_wconf 87' lang='lat' dir='ltr'><strong>rerum</strong></span> <span class='ocrx_word' id='word_1_173' title='bbox 873 2371 1152 2409; x_wconf 88' lang='lat' dir='ltr'><strong>contentus</strong></span> <span class='ocrx_word' id='word_1_174' title='bbox 1183 2361 1284 2418; x_wconf 86' lang='lat' dir='ltr'><strong>sis,</strong></span> <span class='ocrx_word' id='word_1_175' title='bbox 1335 2359 1482 2429; x_wconf 88' lang='lat' dir='ltr'><strong>quod</strong></span> <span class='ocrx_word' id='word_1_176' title='bbox 1507 2371 1559 2408; x_wconf 83' lang='lat' dir='ltr'><strong>et</strong></span> <span class='ocrx_word' id='word_1_177' title='bbox 1589 2359 1694 2408; x_wconf 84' lang='lat' dir='ltr'><strong>uti·</strong></span> 
     </span>
     <span class='ocr_line' id='line_1_26' title="bbox 126 2441 1693 2510; baseline -0.001 -16"><span class='ocrx_word' id='word_1_178' title='bbox 126 2441 233 2494; x_wconf 83' lang='lat' dir='ltr'><strong>lior</strong></span> <span class='ocrx_word' id='word_1_179' title='bbox 265 2444 364 2499; x_wconf 87' lang='lat' dir='ltr'><strong>sit,</strong></span> <span class='ocrx_word' id='word_1_180' title='bbox 419 2455 470 2491; x_wconf 87' lang='lat' dir='ltr'><strong>et</strong></span> <span class='ocrx_word' id='word_1_181' title='bbox 493 2444 610 2510; x_wconf 89' lang='lat' dir='ltr'><strong>plus</strong></span> <span class='ocrx_word' id='word_1_182' title='bbox 635 2443 830 2494; x_wconf 85' lang='lat' dir='ltr'><strong>habeat</strong></span> <span class='ocrx_word' id='word_1_183' title='bbox 858 2442 1160 2504; x_wconf 83' lang='lat' dir='ltr'><strong>facilitatis3</strong></span> <span class='ocrx_word' id='word_1_184' title='bbox 1195 2445 1579 2498; x_wconf 54' lang='lat' dir='ltr'><strong>*admonendus</strong></span> <span class='ocrx_word' id='word_1_185' title='bbox 1619 2461 1693 2502; x_wconf 88' lang='lat' dir='ltr'><strong>es,</strong></span> 
     </span>
     <span class='ocr_line' id='line_1_27' title="bbox 128 2526 1694 2597; baseline 0.001 -22"><span class='ocrx_word' id='word_1_186' title='bbox 128 2544 293 2596; x_wconf 87' lang='lat' dir='ltr'><strong>quare</strong></span> <span class='ocrx_word' id='word_1_187' title='bbox 321 2526 602 2578; x_wconf 87' lang='lat' dir='ltr'><strong>verborum</strong></span> <span class='ocrx_word' id='word_1_188' title='bbox 629 2532 939 2579; x_wconf 89' lang='lat' dir='ltr'><strong>memoriam</strong></span> <span class='ocrx_word' id='word_1_189' title='bbox 963 2547 1070 2580; x_wconf 91' lang='lat' dir='ltr'><strong>non</strong></span> <span class='ocrx_word' id='word_1_190' title='bbox 1107 2529 1485 2597; x_wconf 86' lang='lat' dir='ltr'><strong>improbemus.</strong></span> <span class='ocrx_word' id='word_1_191' title='bbox 1558 2530 1694 2579; x_wconf 87' lang='lat' dir='ltr'><strong>Nam</strong></span> 
     </span>
     <span class='ocr_line' id='line_1_28' title="bbox 50 2613 1694 2686; baseline 0.001 -26"><span class='ocrx_word' id='word_1_192' title='bbox 50 2684 53 2686; x_wconf 13' lang='grc' dir='ltr'><em>Β</em></span> <span class='ocrx_word' id='word_1_193' title='bbox 126 2623 378 2679; x_wconf 87' lang='lat' dir='ltr'><strong>putamus</strong></span> <span class='ocrx_word' id='word_1_194' title='bbox 406 2625 647 2681; x_wconf 86' lang='lat' dir='ltr'><strong>oportere</strong></span> <span class='ocrx_word' id='word_1_195' title='bbox 673 2632 794 2673; x_wconf 89' lang='lat' dir='ltr'><strong>eos,</strong></span> <span class='ocrx_word' id='word_1_196' title='bbox 845 2617 939 2684; x_wconf 86' lang='lat' dir='ltr'><strong>qui</strong></span> <span class='ocrx_word' id='word_1_197' title='bbox 965 2615 1126 2666; x_wconf 84' lang='lat' dir='ltr'><strong>velint</strong></span> <span class='ocrx_word' id='word_1_198' title='bbox 1153 2633 1235 2666; x_wconf 90' lang='lat' dir='ltr'><strong>res</strong></span> <span class='ocrx_word' id='word_1_199' title='bbox 1274 2613 1539 2665; x_wconf 87' lang='lat' dir='ltr'><strong>faciliores</strong></span> <span class='ocrx_word' id='word_1_200' title='bbox 1580 2616 1694 2663; x_wconf 87' lang='lat' dir='ltr'><strong>siue</strong></span> 
     </span>
     <span class='ocr_line' id='line_1_29' title="bbox 126 2694 1693 2761; baseline 0.002 -17"><span class='ocrx_word' id='word_1_201' title='bbox 126 2694 310 2746; x_wconf 86' lang='lat' dir='ltr'><strong>labore</strong></span> <span class='ocrx_word' id='word_1_202' title='bbox 348 2710 400 2747; x_wconf 90' lang='lat' dir='ltr'><strong>et</strong></span> <span class='ocrx_word' id='word_1_203' title='bbox 430 2698 672 2749; x_wconf 82' lang='lat' dir='ltr'><strong>molestia</strong></span> <span class='ocrx_word' id='word_1_204' title='bbox 708 2698 864 2749; x_wconf 85' lang='lat' dir='ltr'><strong>facile</strong></span> <span class='ocrx_word' id='word_1_205' title='bbox 902 2702 1232 2761; x_wconf 89' lang='lat' dir='ltr'><strong>meminisse,</strong></span> <span class='ocrx_word' id='word_1_206' title='bbox 1283 2703 1339 2750; x_wconf 90' lang='lat' dir='ltr'><strong>in</strong></span> <span class='ocrx_word' id='word_1_207' title='bbox 1374 2700 1528 2750; x_wconf 87' lang='lat' dir='ltr'><strong>rebus</strong></span> <span class='ocrx_word' id='word_1_208' title='bbox 1555 2696 1693 2749; x_wconf 80' lang='lat' dir='ltr'><strong>diffi-</strong></span> 
     </span>
     <span class='ocr_line' id='line_1_30' title="bbox 130 2781 1692 2839; baseline 0.001 -8"><span class='ocrx_word' id='word_1_209' title='bbox 130 2781 407 2834; x_wconf 84' lang='lat' dir='ltr'><strong>cilioribus</strong></span> <span class='ocrx_word' id='word_1_210' title='bbox 434 2794 547 2836; x_wconf 82' lang='lat' dir='ltr'><strong>esse</strong></span> <span class='ocrx_word' id='word_1_211' title='bbox 571 2797 691 2837; x_wconf 88' lang='lat' dir='ltr'><strong>ante</strong></span> <span class='ocrx_word' id='word_1_212' title='bbox 716 2788 1047 2839; x_wconf 79' lang='lat' dir='ltr'><strong>exercit-atos·</strong></span> <span class='ocrx_word' id='word_1_213' title='bbox 1138 2788 1248 2838; x_wconf 88' lang='lat' dir='ltr'><strong>Nec</strong></span> <span class='ocrx_word' id='word_1_214' title='bbox 1284 2804 1382 2839; x_wconf 87' lang='lat' dir='ltr'><strong>nos</strong></span> <span class='ocrx_word' id='word_1_215' title='bbox 1417 2785 1554 2836; x_wconf 86' lang='lat' dir='ltr'><strong>hanc</strong></span> <span class='ocrx_word' id='word_1_216' title='bbox 1582 2800 1692 2837; x_wconf 84' lang='lat' dir='ltr'><strong>ver·</strong></span> 
     </span>
    </p>
   </div>
  </div>
 </body>
</html>
