1878 3198
234 168 870 251 RHETORICORUM
927 205 1081 250 LIB.
1133 205 1206 247 11.
1259 215 1327 261 57.
1376 214 1447 261 58.
1562 217 1666 274 559

103 369 162 419 id
187 385 294 420 non
321 367 550 436 poterit,
589 363 899 417 honestatis.
972 368 1054 417 Ita
1079 368 1135 416 in
1161 366 1424 419 eiusmodi
1451 381 1669 436 quoque

103 471 190 512 re,
250 459 422 523 quum·
452 452 809 524 incolumitati
845 451 1146 504 videbimur
1183 451 1488 510 consulere,
1548 467 1670 501 vere
1705 452 1710 461 “

17 538 32 542 ’
104 541 396 608 poterimus
438 539 640 621 dicere,
701 536 1125 589 nos‘honestatis
1163 540 1424 588 rationem
1450 534 1667 594 habere,

2 1208 24 1331 wass-e·

105 626 359 695 quoniam
397 624 515 673 sine
554 623 918 674 incolumitate
944 641 1059 672 eam
1096 623 1246 674 nullo
1276 627 1515 690 tempore
1549 638 1668 689 pos·

106 727 290 761 sumus
327 709 564 777 adipisci.
642 710 759 775 Qua
786 711 841 758 in
866 726 922 758 re
948 709 1031 760 vel
1057 709 1340 759 concedere
1365 707 1547 766 alteri,
1586 705 1671 756 vel

107 794 177 845 ad
210 794 571 854 conditionem
599 794 813 843 alterius
840 794 1182 853 descendere,
1229 793 1312 844 vel
1341 795 1397 842 in
1428 792 1671 860 piaesen-

106 881 183 930 tia
211 881 516 950 quiescere,
563 892 723 949 atque
757 880 901 930 aliud
937 893 1145 947 tempus
1185 891 1484 947 exspectare
1518 893 1671 946 opor·

107 953 259 1014 tebit.
348 965 409 1014 In
445 965 843 1015 commoditatis
883 982 1008 1016 vero
1050 967 1284 1024 ratione,
1335 965 1498 1015 modo
1537 962 1674 1013 illud
1712 975 1715 978 ⁴
1758 976 1760 979 ·

109 1050 444 1109 attendatur,
515 1050 742 1119 dignane
793 1068 950 1100 causa
986 1051 1228 1102 videatur
1266 1068 1355 1109 ea,
1432 1066 1570 1118 quae
1605 1047 1675 1099 ad

108 1135 396 1187 utilitatem
431 1135 750 1203 pertinebit,
813 1153 979 1204 quare
1024 1149 1115 1185 aut
1151 1136 1216 1187 de
1257 1133 1671 1206 magnificentia,

110 1233 204 1271 aut
232 1221 296 1271 de
320 1221 600 1272 honestate
627 1221 882 1289 quiddam
911 1208 1210 1292 derogetur.
1284 1224 1462 1291 Atque
1489 1222 1544 1269 in
1568 1218 1685 1278 hoc,

80 1305 228 1358 -loco
264 1305 399 1355 mihi
438 1317 597 1373 caput
633 1305 766 1356 illud
798 1306 1011 1356 videtur
1047 1324 1188 1365 esse,
1243 1312 1305 1357 ut
1339 1323 1671 1376 quaeramus,

110 1392 243 1461 quid
266 1394 335 1442 sit
360 1391 523 1450 illud,
585 1392 732 1461 quod
769 1393 815 1440 si
853 1393 1104 1459 adipisci,
1156 1405 1251 1443 aut
1287 1391 1514 1463 effugere
1548 1391 1673 1441 veli-

109 1492 259 1534 mus,
299 1476 479 1546 aliqua
503 1494 588 1526 res
615 1475 772 1526 nohis
798 1479 867 1526 sit
893 1480 1213 1544 necessaria,
1252 1478 1356 1529 hoc
1390 1490 1497 1536 est,
1538 1493 1675 1546 quae

109 1563 183 1611 sit
210 1562 480 1612 adiunctio
499 1599 514 1620 ,
554 1574 615 1611 ut
637 1562 889 1629 proinde,
941 1564 1021 1610 uti
1048 1580 1289 1631 quaeque
1313 1581 1396 1613 res
1433 1565 1562 1621 erit,
1602 1563 1674 1612 la·

64 1698 67 1703 ,
109 1645 390 1705 heremus,
471 1658 523 1696 et
557 1649 922 1718 gravissimam
963 1665 1230 1717 quamque
1270 1665 1484 1697 causam
1521 1646 1675 1700 vehe-

111 1732 440 1780 mentissime
467 1733 815 1797 necessariam
842 1732 1155 1783 iudicemus.

218 1827 304 1876 58.
355 1814 675 1868 Affectio
719 1829 799 1867 est
825 1818 1084 1886 quaedam
1111 1836 1171 1868 ex
1198 1830 1545 1900 temporum,¹
1582 1831 1676 1870 aut
1736 1861 1738 1865 ,

111 1917 173 1951 ex
201 1903 541 1971 negotiorum
569 1912 783 1959 eventu,
816 1914 909 1952 aut
931 1920 991 1952 ex
1015 1903 1474 1955 administratione
1501 1903 1673 1956 homi-

112 2003 256 2042 num,
296 1997 388 2050 aut
421 1986 633 2044 studio,
675 1990 1025 2039 commutatio
1054 2006 1260 2047 rerum,
1300 2001 1360 2040 ut
1385 2008 1494 2040 non
1519 1991 1672 2050 tales,

113 2070 295 2139 quales
325 2081 443 2119 ante
470 2069 686 2120 habitae
711 2074 846 2129 sint,
899 2085 991 2122 aut
1021 2072 1331 2144 plerumque
1371 2075 1557 2125 haberi
1591 2062 1674 2127 soss
1722 2071 1724 2073 ’

112 2154 286 2213 leant,
349 2154 624 2206 habendae
663 2157 944 2208 videantur
997 2177 1126 2210 esse.
1225 2162 1324 2211 Ut:
1386 2161 1454 2210 ad
1491 2159 1673 2212 hostes

113 2242 336 2290 transire
370 2252 521 2308 turpe
545 2241 756 2291 videtur
781 2260 919 2304 esse;
971 2256 1025 2293 at
1048 2263 1156 2295 non
1184 2245 1276 2295 illo
1305 2238 1512 2310 animo,
1565 2265 1673 2316 quo

113 2326 325 2394 Ulysses
357 2328 599 2386 transiit3
652 2338 704 2375 et.
727 2331 1003 2394 pecuniam
1038 2333 1096 2380 in
1120 2348 1263 2380 mare
1289 2331 1513 2381 deiicere
1530 2368 1544 2390 ,
1595 2335 1672 2381 in-

114 2411 276 2471 utile3
328 2422 381 2460 at
416 2428 523 2460 non
558 2428 620 2460 eo
657 2413 911 2473 consilio,
976 2433 1084 2484 quo
1126 2418 1426 2484 Aristippus
1463 2418 1668 2468 deiecit.

67 2548 69 2555 ,
116 2495 252 2545 Sunt
276 2498 440 2566 igitur
463 2514 544 2546 res
574 2498 831 2569 quaedam
857 2516 918 2548 ex
944 2511 1181 2567 tempore
1197 2537 1213 2560 ,
1265 2514 1317 2551 et
1343 2519 1403 2551 ex
1428 2503 1670 2562 consilio,

114 2597 222 2629 non
259 2599 318 2630 ex
342 2599 436 2630 sua
472 2593 659 2631 natura
697 2585 1135 2646 considerandae3
1187 2585 1382 2655 quibus
1409 2590 1466 2637 in
1503 2592 1671 2639 omni·

114 2662 247 2721 bus,
301 2668 433 2734 quid
469 2678 707 2734 tempora
743 2680 952 2736 petant,
1016 2683 1109 2720 aut
1144 2673 1276 2740 quid
1312 2677 1553 2740 personis
1594 2676 1669 2726 di-

114 2764 275 2818 gnum
313 2753 416 2808 sit,
469 2753 909 2804 considerandum
953 2767 1062 2815 est;
1127 2768 1181 2806 et
1215 2774 1322 2808 non
1362 2761 1524 2828 quid,
1577 2761 1667 2811 sed
