1878 3198
296 250 399 293 AD
455 247 959 294 HERENNIUM
1015 248 1175 293 LIB.
1221 249 1319 298 IV.
1368 254 1452 306 [μ.
1574 253 1667 305 161

101 409 330 479 denique
368 410 424 457 in
464 425 646 458 omnes
686 406 1054 460 intolerabilis.
1073 416 1110 439 ‘⁶
1181 409 1436 460 Eiusdem
1463 411 1670 479 generis
1727 417 1730 420 ⁴

100 505 182 544 est
217 493 306 543 illa
344 491 734 563 fiequentatio,
808 501 943 564 quae
981 495 1275 563 plurimum
1309 494 1670 545 coniecturali-

31 607 34 609 *
99 578 199 629 bus
243 581 415 629 causis
457 580 782 648 opitulatur,
823 598 989 649 quum
1026 582 1386 648 suspiciones,
1423 598 1560 651 quae
1594 598 1671 630 se·
1703 575 1706 579 ’

97 667 325 733 paratim
359 666 528 716 dictae
545 703 558 724 ,
619 668 858 716 minutae
894 678 947 717 et
981 664 1228 715 infirmae
1266 677 1443 724 erant,
1503 682 1672 715 unum

100 753 157 800 in
191 735 368 802 locum
410 764 623 801 coactae
659 767 772 801 rem
809 752 1062 802 videntur
1100 754 1434 819 perspicuam
1477 748 1669 811 facere,

99 854 210 887 non
250 838 632 904 suspiciosam,
683 837 788 889 hoc
825 850 1011 905 pacto:
1062 837 1293 898 „Nolite
1330 839 1527 907 igitur,
1579 854 1673 887 no-

97 921 227 981 lite,
291 919 526 982 iudices,
591 935 680 979 ea,
736 911 872 991 quae
905 924 1044 980 dixi,
1087 925 1371 991 separatim
1408 934 1671 991 spectare:

101 1009 196 1059 sed
235 1008 414 1059 omnia
453 1006 717 1079 colligite,
778 1021 829 1058 et
869 1005 1102 1073 conferte
1139 1011 1197 1058 in
1249 1013 1432 1058 unum‘.
1522 1009 1578 1058 Si
1618 1020 1674 1057 et

103 1095 445 1144 commodum
482 1094 550 1144 ad
591 1096 752 1143 istum
792 1111 854 1144 ex
891 1093 1034 1143 illius
1077 1105 1250 1143 morte
1286 1091 1569 1158 veniebat,
1623 1103 1675 1142 et

101 1181 214 1230 vita
260 1178 495 1229 hominis
546 1190 627 1228 est
664 1181 1003 1246 turpissima,
1065 1180 1272 1227 animus
1311 1179 1671 1237 avarissimus,

103 1261 354 1315 fortunae
381 1262 670 1314 familiares
696 1265 1178 1322 attenuatissimae,
1217 1268 1271 1314 et‘
1289 1280 1374 1314 res
1400 1266 1503 1312 ista
1526 1262 1672 1313 bono

102 1353 303 1400 nemini
348 1363 556 1418 praeter
592 1352 758 1400 istum
808 1348 942 1408 fuit3
1006 1367 1178 1418 neque
1214 1348 1348 1397 alius
1389 1349 1674 1418 quisquam

104 1453 270 1505 aeque
311 1437 616 1495 commode,
678 1452 851 1504 neque
897 1437 1010 1502 ipse
1049 1434 1167 1487 aliis
1217 1432 1674 1483 commodioribus

103 1520 403 1571 rationibus
446 1519 620 1570 facere
653 1522 863 1588 potuit3
927 1537 1099 1588 neque
1136 1521 1479 1586 praeteritum
1499 1519 1674 1588 :quid-

104 1625 268 1676 quam
305 1618 385 1656 est
423 1606 488 1655 ab
528 1609 634 1655 isto
652 1641 668 1663 ‚
697 1605 856 1674 quod
881 1622 1015 1672 opus
1042 1602 1204 1653 fuerit
1229 1605 1296 1654 ad
1321 1601 1674 1662 maleficium3

106 1704 158 1741 et
181 1711 370 1762 quum
425 1692 574 1742 locus
622 1691 846 1740 idoneus
899 1691 1125 1738 maxime
1174 1691 1481 1759 quaesitus,
1550 1701 1675 1738 :tum

107 1779 316 1828 occasio
361 1777 703 1848 aggrediendi
740 1776 1049 1833 commoda,
1090 1787 1298 1842 tempus
1327 1775 1558 1824 adeundi
1586 1791 1675 1841 ops

104 1864 577 1931 portunissimum,
653 1863 882 1928 spatium
937 1858 1257 1910 conficiendi
1305 1855 1676 1930 longissimum

108 1959 344 2014 sumtum
375 1959 480 2005 est,
521 1966 629 1997 non
668 1948 1046 1996 sinemaxima
1085 1945 1386 1995 occultandi
1423 1942 1677 1994 maleficii

107 2049 228 2099 spe3
268 2044 320 2082 et
351 2045 621 2100 praeterea
662 2044 810 2089 ante,
865 2050 1024 2101 quam
1063 2032 1268 2080 occisus
1303 2030 1467 2081 homo
1504 2033 1549 2080 is
1577 2042 1673 2089 est,

106 2120 208 2166 iste
244 2120 388 2168 visus
430 2130 510 2166 est
548 2120 603 2166 in
644 2134 705 2167 eo
742 2117 894 2175 loco,
934 2118 990 2164 in
1029 2133 1136 2184 quo
1163 2127 1244 2166 est
1282 2118 1480 2166 occisio
1511 2113 1673 2172 facta,

107 2202 280 2261 solus;
352 2203 514 2269 paulo
548 2214 670 2270 post
708 2204 764 2251 in
802 2205 919 2270 ipso
956 2218 1059 2252 vox
1096 2201 1268 2258 illius,
1337 2204 1432 2270 qui
1472 2201 1673 2250 occide·

108 2287 293 2346 batur,
334 2288 545 2347 audita3
588 2288 777 2338 deinde
814 2300 940 2355 post
968 2289 1286 2337 occisionem
1318 2288 1480 2336 istum
1504 2285 1674 2335 multa

110 2386 268 2423 nocte
305 2374 525 2423 domum
559 2375 780 2424 rediisse
812 2385 1052 2432 constat;
1093 2376 1303 2439 postera
1331 2373 1415 2422 die
1440 2371 1673 2421 tituban-

109 2471 191 2508 ter
240 2470 293 2508 et
329 2461 687 2508 inconstanter
736 2461 800 2510 de
849 2461 1114 2509 occisione
1163 2457 1305 2506 illius
1336 2457 1672 2526 .loquutum;

109 2542 241 2593 haec
276 2547 473 2611 partim
508 2547 830 2595 testimoniis
853 2579 868 2602 ,
930 2545 1125 2611 partim
1176 2541 1575 2612 quaestionibus
1624 2553 1676 2591 et

113 2632 436 2698 argumentis
467 2632 645 2679 omnia
674 2629 1115 2697 comprobantur,
1157 2640 1209 2677 et
1233 2645 1444 2678 rumore
1467 2627 1673 2695 populi',

114 2731 302 2782 quem,
354 2731 413 2763 ex
453 2717 774 2786 argumentis
812 2728 1024 2773 natum,
1077 2729 1284 2764 necesse
1321 2725 1401 2763 est
1441 2730 1552 2762 esse
1589 2730 1674 2764 ve-

112 2815 259 2848 rum:
321 2812 556 2851 vestrum
600 2792 705 2858 est,
771 2800 1001 2860 iudices,
1065 2798 1149 2850 his
1191 2801 1247 2848 in
1295 2817 1462 2848 unum
1497 2798 1676 2848 locum

187 2894 268 2932 Cic.
297 2894 478 2933 Rhetor.
520 2895 610 2934 Vol.
634 2897 671 2933 Ι.
1541 2902 1598 2932 11
