1878 3198
236 242 388 313 232*
726 251 1301 312 CICERONIS

227 432 376 467 mens
417 416 501 468 ad
513 415 745 487 aliquam
781 403 894 485 rein
933 415 1191 485 applicata
1226 433 1419 487 magna
1453 431 1576 475 eum
1599 413 1800 474 “volun-

228 513 339 552 tate
376 505 685 570 occupatio,
724 515 786 553 ut
822 498 1224 570 philosophiae,
1262 502 1569 578 poeticae,
1591 511 1800 572 geome-

227 574 390 647 triae,
427 587 718 639 literarum.
796 587 1181 639 Consilium
1213 597 1294 637 est
1318 575 1523 656 aliquid
1545 582 1798 645 faciendi,
1827 622 1829 625 .

227 690 336 724 non
384 670 683 729 faciendive
729 676 1051 745 excogitata
1064 674 1245 723 ratio.-
1344 673 1552 724 Facta
1602 681 1799 730 autem,
1847 712 1851 722 s

227 769 280 808 et
306 755 525 818 casns,
571 771 624 809 et
652 762 1012 827 orationes
1040 757 1210 812 tribus
1235 775 1296 809 ex
1317 755 1654 828 temporibus,
1671 773 1799 811 ‚con-
1835 797 1838 802 .
1864 807 1867 811 ,

226 843 631 906 siderabuntur;
681 845 829 915 quid,
854 842 1037 894 fecerit
1053 878 1067 901 ,
1123 854 1214 891 aut
1241 842 1372 913 quid
1395 832 1502 909 ipsi
1529 841 1809 900 &accideriQf⁴
1874 849 1878 865 ²

227 940 320 979 aut
356 931 489 999 quid
516 931 738 990 dixerit3
779 941 871 979 aut
898 929 1029 998 quid
1055 926 1246 986 faciat,
1286 928 1415 997 quid
1442 928 1547 994 ipsi
1571 926 1798 986 accidat,
1854 972 1868 978 ι

226 1016 359 1085 quid
398 1016 569 1076 dicat3
611 1027 704 1065 aut
744 1015 874 1084 quid
911 1012 1150 1063 facturus
1190 1014 1287 1071 sit,
1334 1012 1471 1082 vquid
1510 1013 1615 1079 ipsi
1650 1029 1804 1064 casu·

225 1119 346 1150 rum
384 1103 483 1159 sit,
525 1119 631 1171 qua
657 1101 728 1149 sit
752 1116 946 1149 usurus
974 1101 1233 1150 oratione.
1306 1100 1385 1149 Ac
1409 1099 1649 1167 personis
1681 1098 1804 1168 qui·

226 1187 347 1237 dem
384 1185 515 1236 haec
551 1187 799 1237 videntur
837 1202 950 1234 esse
990 1183 1267 1234 attributa.

334 1274 418 1321 26.
458 1273 779 1342 Negotiis
822 1283 999 1320 autem
1025 1287 1159 1339 quae
1201 1281 1328 1318 sunt
1348 1268 1650 1333 attributa,
1677 1264 1799 1336 par-

224 1358 327 1407 tim·
364 1369 490 1406 sunt
527 1358 854 1406 coutinentia
892 1374 1012 1406 cum
1050 1357 1168 1422 ipso
1207 1357 1458 1426 negotio,
1506 1355 1710 1422 partini·
1737 1355 1797 1404 in

225 1445 464 1514 gestione
524 1444 729 1512 negotii
779 1442 1209 1498 considerantur,
1287 1441 1482 1507 partim
1547 1439 1799 1490 adiuncta

225 1529 440 1598 negotio
502 1539 625 1589 sunt
649 1563 665 1586 ,
755 1529 950 1595 partim
1011 1537 1219 1598 gestum
1278 1526 1554 1596 negotium
1619 1541 1797 1576 conse·
1855 1548 1858 1554 ¹

226 1623 482 1682 (luuntur.
1739 1663 1761 1667 ⁴.
1815 1673 1818 1676 y

335 1700 788 1748 Continentia
828 1715 947 1748 cum
976 1699 1094 1765 ipso
1134 1698 1351 1768 negotio
1378 1707 1502 1746 sunt
1526 1711 1618 1754 ea,
1660 1709 1797 1764 quae

226 1799 431 1849 semper
473 1780 628 1832 affixa
665 1800 777 1833 esse
814 1783 1062 1834 videntur
1102 1783 1169 1832 ad
1205 1799 1347 1840 rem,
1414 1797 1588 1850 neque
1628 1778 1693 1829 ab
1733 1795 1798 1830 ea

223 1879 451 1936 possunt
491 1871 747 1936 separari,
832 1870 910 1918 Ex
955 1865 1041 1916 his
1079 1860 1260 1933 ‘prima
1309 1877 1391 1916 est
1437 1864 1614 1916 brevis
1654 1881 1794 1922 com-

223 1954 397 2021 plexio
438 1955 606 2002 totius
650 1955 882 2023 negotii,
934 1969 1068 2021 quae
1095 1938 1355 2000 summam
1383 1951 1622 2000 continet
1646 1946 1799 2009 facti,

224 2038 328 2088 hoc
363 2038 554 2088 modo:
606 2039 846 2088 Parentis
874 2038 1102 2097 occisio,
1140 2039 1341 2104 patriae
1366 2036 1620 2103 proditio,
1693 2037 1795 2086 De-

225 2125 350 2174 inde
393 2140 550 2174 causa
591 2126 702 2173 eius
741 2140 1003 2181 summae,
1068 2138 1162 2189 per
1199 2139 1387 2191 quam,
1450 2132 1505 2170 et
1539 2119 1796 2191 quamob-

223 2228 367 2268 rem,
408 2221 460 2259 et
501 2210 650 2258 cuius
687 2210 765 2258 rei
801 2226 958 2257 causa
994 2200 1193 2256 faetuxn
1219 2208 1320 2264 sit,
1361 2207 1664 2275 quaeritnr3
1707 2204 1794 2255 de-

223 2296 349 2345 inde
388 2306 507 2343 ante
541 2311 652 2343 rem
690 2305 891 2364 gestam
925 2310 1059 2361 quae
1098 2290 1237 2341 facta
1265 2303 1418 2350 sunt,
1459 2292 1796 2342 continenter

222 2398 394 2450 usque
422 2381 488 2430 ad
515 2382 689 2446 ipsum
719 2380 1020 2449 negotium3
1062 2378 1282 2436 deinde,
1335 2379 1392 2425 in
1419 2379 1536 2444 ipso
1563 2375 1792 2447 gerendo

225 2468 440 2536 negotio
493 2465 623 2534 quid
663 2476 840 2514 actum
877 2465 976 2523 sit;
1041 2463 1262 2520 deinde,
1325 2462 1457 2533 quid
1492 2471 1678 2530 postea
1716 2457 1792 2510 fa-

226 2562 370 2598 ctum
408 2561 495 2598 sit.

329 2636 389 2683 In
442 2636 765 2704 gestione
801 2645 974 2683 autem
1017 2634 1323 2703 negotii,
1399 2631 1493 2700 qui
1528 2629 1677 2694 locus
1717 2645 1794 2679 se-

226 2719 429 2770 cundus
455 2731 582 2767 erat
623 2721 686 2769 de
723 2721 820 2777 iis,
890 2735 1023 2787 quae
1065 2721 1292 2788 negotiis
1346 2715 1606 2766 attributa
1649 2725 1792 2775 sunt.
1851 2726 1854 2730 ’

226 2807 499 2875 quaeritur
540 2804 719 2862 locus,
770 2817 1012 2872 tempus,
1065 2806 1305 2862 occasio,
1355 2801 1578 2861 modus,
1629 2795 1791 2848 facul—
