1878 3198
126 295 129 298 ,
187 209 861 294 RHE‘roRIcoRUM
918 247 1079 306 ΜΒ,
1120 247 1194 291 11.
1238 246 1319 300 46·
1365 209 1474 302 47sp
1525 259 1625 314 541

61 409 266 486 aliquid
323 376 508 459 affeiat
539 420 771 477 oportet,
869 408 1006 458 Nam
1055 411 1262 459 summa
1299 408 1631 475 impudentia

61 497 161 552 sit,
195 513 345 553 eum,
387 496 481 564 qui
516 508 700 545 contra
728 513 888 564 quam
929 492 1073 564 quod
1105 497 1366 561 scriptum
1397 495 1495 551 sit,
1537 493 1630 543 ali-

61 562 190 651 quid
227 579 454 648 probare
491 579 647 637 velit,
688 598 796 630 non
833 582 1118 650 aequitatis
1154 580 1421 647 piaesidio
1459 581 1515 630 id
1553 577 1628 628 fa-

62 683 175 715 cere
214 658 413 718 conari.⁸
499 667 556 716 Si
593 667 725 736 quid
762 668 926 737 igitur
963 684 1024 715 ex
1060 664 1159 715 hac
1196 667 1312 734 ipsa
1351 677 1630 716 accusator

59 751 308 821 deroget,
371 751 620 802 omnibus
669 751 910 819 partibus
950 746 1145 800 iustius
1196 763 1248 800 et
1295 751 1630 819 probabilius

59 853 304 885 accusare
341 838 599 888 videatur.
674 840 808 888 Nam
846 840 1087 904 superior
1117 838 1288 887 oratio
1323 835 1429 886 huc
1454 837 1631 886 omnis

60 917 322 980 faciebat,
375 925 456 972 uti
494 924 728 982 iudices,
779 924 988 972 etiamsi
1026 922 1257 981 nollent,
1311 938 1519 971 necesse
1555 938 1631 969 es·

60 1018 172 1065 set;
239 1005 368 1056 haec
406 1020 612 1068 autem,
671 1011 879 1058 etiamsi
927 1025 1136 1057 necesse
1194 1026 1302 1058 non
1353 1019 1516 1065 esset,
1569 1018 1634 1057 ut

57 1091 254 1142 vellent
291 1105 474 1143 contra
512 1095 763 1145 iudicare.
837 1094 899 1144 Id
937 1105 1113 1142 autem
1151 1091 1277 1153 fiet,
1320 1095 1394 1151 si,
1435 1091 1630 1162 quibus

6 1232 15 1246 ,Ι
40 1195 119 1236 ,ex
166 1178 298 1228 locis
351 1179 505 1246 culpa
556 1179 1008 1229 demonstrabitur
1056 1182 1226 1228 inesse
1275 1181 1332 1228 in
1381 1196 1473 1237 eo,
1538 1178 1633 1247 qui

3 1265 20 1277 ’“
58 1252 482 1331 comparatione,
524 1277 614 1314 aut
650 1267 977 1323 remotione,
1029 1276 1124 1314 aut
1159 1263 1419 1314 relatione
1457 1263 1632 1324 crimi-

57 1351 168 1408 nis,
233 1361 327 1400 aut
376 1352 734 1400 concessionis
796 1349 1039 1419 partibus
1092 1366 1147 1399 se
1197 1348 1463 1407 defendit,
1529 1347 1632 1412 (de

56 1433 251 1503 quibus
280 1447 432 1494 ante,
470 1447 531 1484 ut
556 1437 850 1502 potuimus,
892 1435 1173 1505 diligenter
1199 1436 1629 1502 perscripsimus)

57 1519 122 1568 de
159 1519 242 1569 his
279 1520 444 1579 locis,
498 1538 633 1590 quae
670 1539 753 1570 res
790 1520 1123 1588 postulabit,
1182 1520 1249 1570 ad
1288 1537 1501 1569 causam
1541 1519 1629 1568 ad-

54 1606 413 1655 versariorum
439 1605 844 1672 improbandam
869 1596 1283 1665 transferemu53
1325 1618 1414 1653 aut
1444 1620 1630 1653 causae

50 1677 109 1738 ¹et
157 1691 390 1739 rationes
430 1687 743 1749 afferentur,
797 1707 992 1760 quare,
1050 1703 1102 1740 et
1139 1708 1246 1759 quo
1288 1689 1512 1740 consilio
1551 1691 1629 1738 ita

56 1777 127 1824 sit
164 1777 220 1823 in
255 1775 399 1844 lege,
457 1786 548 1824 aut
606 1779 662 1823 in
695 1787 1011 1825 testamento
1051 1778 1339 1844 scriptum,
1404 1787 1464 1824 ut
1514 1791 1627 1824 sen-

12 1862 221 1910 ‘tentia
274 1877 522 1929 quoque,
588 1872 641 1910 et
678 1861 952 1914 voluntate
991 1863 1294 1928 scriptoris,
1367 1877 1476 1913 non
1512 1861 1628 1926 ipsa

6 1989 10 1998 .
58 1945 228 1995 solum
304 1948 566 2012 scriptura
639 1963 797 1995 causa
882 1943 1198 1996 confirmata
1274 1962 1387 1995 esse
1451 1945 1626 1995 videa-

4 2073 6 2080 2
56 2042 173 2091 tur;
228 2043 323 2080 aut
373 2030 488 2080 aliis
530 2048 745 2101 quoque
786 2030 1260 2081 constitutionibus
1300 2028 1502 2080 factum
1542 2046 1626 2079 co·
1676 2080 1679 2084 ,
1739 2041 1742 2045 ’

57 2129 322 2187 arguetur.

132 2213 247 2265 *47.
286 2203 543 2252 Contra
581 2202 920 2268 scriptum
959 2214 1135 2251 autem
1173 2203 1269 2270 qui
1307 2201 1474 2259 dicet,
1510 2201 1625 2267 -pri-

57 2302 201 2336 mum
240 2304 357 2336 euin
397 2288 611 2336 inducet
644 2280 849 2346 locum,
898 2304 992 2354 per
1029 2305 1188 2356 quem
1227 2287 1464 2355 aequitas
1504 2302 1624 2334 cau-

6 2359 19 2374 *
57 2388 142 2421 sae
188 2374 604 2423 demonstretur.
658 2382 752 2420 aut
787 2372 1057 2432 ostendet,
1117 2388 1225 2441 quo
1265 2372 1473 2428 animo,
1514 2386 1622 2438 quo

58 2457 308 2515 consilio,
360 2474 466 2526 qua
518 2457 581 2506 de
631 2472 788 2506 causa
837 2455 1047 2507 fecerit:
1113 2468 1195 2513 et,
1250 2472 1628 2525 quamcunque

14 2540 270 2598 '„causam
310 2529 572 2599 assumet,
612 2545 957 2593 assumtionis
995 2541 1235 2610 partibus
1271 2558 1325 2589 se
1360 2538 1624 2599 defendet,

59 2627 122 2677 de
172 2626 365 2697 quibus
417 2639 537 2676 ante
588 2627 791 2676 dictum
842 2640 935 2677 est.
1031 2630 1208 2696 Atque
1256 2624 1362 2675 hoc
1410 2628 1464 2675 in
1503 2627 1622 2676 loco

34 2713 223 2782 >quum
275 2713 475 2762 diutius
526 2724 880 2762 commoratus
948 2714 1031 2760 sui
1083 2710 1211 2761 facti
1260 2713 1522 2761 rationem
1573 2723 1627 2760 et

58 2802 378 2866 >aequitatem
430 2815 618 2847 causae
667 2799 1026 2856 exornaverit,
1089 2809 1204 2846 tum
1253 2784 1316 2846 ex
1362 2795 1446 2846 his
1495 2796 1627 2846 locis
