1878 3198
199 168 251 250 L!
451 190 554 235 AD
611 191 1102 236 HERENNIUM
1160 195 1270 246 27,
1346 226 1363 233 .,
1570 207 1632 255 15

113 337 117 341 ¹
161 342 270 408 Pag.
302 350 370 403 14.
414 363 462 413 y.
501 357 570 404 25.
658 364 777 408 quo
816 337 1094 391 'leviter
1152 346 1535 394 commutato
1580 376 1638 388 -—·

75 431 132 478 le
146 432 278 490 vi'te
292 451 317 477 1·
349 451 374 478 c
387 449 414 478 o
428 450 478 478 m
491 450 542 478 m
556 451 588 478 u
605 446 658 478 ta
674 447 693 478 t
710 451 762 486 o,
814 434 943 494 quod
976 433 1124 478 'abest'
1155 434 1224 478 ed.
1252 442 1375 490 1474.
1437 427 1658 481 Οιιιιιίὶ).

75 516 181 563 AJd.
195 532 243 563 et
263 518 486 579 pluribus
506 522 622 564 Mss.
644 537 716 580 ap.
737 520 983 569 Oudend.,
1000 520 1225 564 Ernestio
1248 520 1453 582 glossam
1478 519 1661 582 sapere¹

76 604 344 650 videbatur.
413 604 529 651 Non
566 605 812 650 assentior.
870 607 999 651 Nam
1043 605 1185 651 etiam
1222 607 1326 652 Cic.
1367 607 1423 651 de
1460 610 1568 666 'Inv.
1600 610 1638 652 Ι.

77 697 144 744 18.
177 688 230 732 in
266 690 459 735 vitiosis
505 691 716 736 exordiis
746 697 966 736 numerat
994 691 1072 743 id,
1120 689 1284 755 quod
1327 692 1398 736 ab
1440 692 1640 767 adver·
1680 735 1689 742 ,

10 776 264 820 suario*
301 790 517 838 potest
587 776 830 824 leviter
895 790 1203 822 mutatum
1266 793 1336 829 ex
1370 767 1372 770 ’
1403 791 1638 824 contra-

72 860 164 905 ria
217 875 392 922 parte
439 863 582 908 dici.
1489 886 1507 899 1

156 949 264 1007 Pag.
301 956 368 1003 14.
427 966 475 993 v.
500 962 570 1004 27.
642 950 904 995 nimium
968 939 1267 1011 apparate
1323 952 1634 1011 composi*

72 1045 195 1077 tum
224 1058 282 1069 —·-·
339 1033 442 1077 Alii
471 1034 736 1078 nimium
780 1035 1096 1096 apparatis
1139 1035 1353 1083 verbis
1396 1052 1636 1097 compo·

62 1118 287 1169 ¹situm;
345 1119 430 1174 alii
484 1120 749 1164 nimium
804 1134 1127 1181 apparate,
1176 1135 1232 1168 ut
1267 1122 1372 1166 cod.
1410 1113 1549 1170 Voss}
1593 1133 1636 1177 5.

5 1232 12 1238 ,
70 1203 183 1248 edit.
215 1204 419 1249 Mediol.
477 1208 542 1249 Et
578 1206 672 1251 hoc
703 1206 929 1268 quidem,
977 1222 1168 1252 suasore
1212 1208 1355 1252 etiam
1389 1207 1634 1258 Ernestio,

67 1291 399 1351 praetulimus.

150 1379 265 1438 -Pag.
307 1385 374 1432 14.
440 1395 488 1423 v.
526 1386 597 1434 28.
621 1390 693 1438 29.
785 1378 891 1425 vid
905 1395 928 1422 e
944 1392 1040 1422 tur
1078 1404 1136 1416 -—-
1193 1378 1321 1423 Male
1373 1382 1490 1424 Em.
1531 1379 1634 1440 legi

71 1460 265 1508 volebat
299 1464 363 1509 vi
377 1464 405 1508 d
419 1481 479 1507 ea
493 1477 553 1508 tu
567 1481 606 1509 r.
651 1464 797 1508 ‘Inter
831 1464 976 1509 verba
1007 1480 1039 1506 n
1054 1482 1075 1508 a
1095 1478 1157 1508 tu
1172 1481 1222 1507 m
1261 1465 1327 1510 vi
1343 1466 1407 1527 de
1422 1479 1486 1510 tu
1499 1482 1546 1515 r,
1586 1479 1634 1510 et
1702 1485 1709 1511 ς

68 1561 134 1592 ut
165 1565 234 1610 pr
250 1565 320 1610 op
337 1549 435 1594 rie
492 1562 577 1594 etc.
633 1549 785 1609 vulgo
837 1549 1092 1594 infercitur
1137 1550 1254 1594 haec
1302 1549 1628 1610 parenthesis:

68 1638 131 1693 (q
151 1636 271 1680 uod
330 1648 684 1694 separatum
754 1649 1043 1685 vocatur,
1120 1635 1186 1678 in
1254 1652 1373 1695 quo
1439 1635 1631 1679 etiam

68 1734 126 1765 tr
141 1739 164 1764 a
181 1719 314 1766 nsl‘a
329 1734 394 1765 tu
410 1737 460 1763 m
501 1720 563 1762 in
582 1719 881 1766 cluditur.
928 1721 1023 1764 'Sed
1056 1721 1172 1765 haec
1209 1735 1336 1765 recte
1377 1721 1548 1774 absunt
1569 1720 1628 1766 ab

66 1803 173 1850 Ald.
220 1825 222 1835 ²
242 1807 368 1851 Nam
417 1792 614 1850 moleste
662 1805 985 1850 interturbant
1032 1808 1323 1857 orationem,
1379 1820 1424 1850 et
1454 1820 1578 1851 sunt'
1603 1824 1627 1850 a

67 1892 299 1951 magistro
347 1891 554 1951 quodam
593 1909 650 1935 ex
682 1891 778 1936 alio
820 1893 1026 1951 quodam
1060 1892 1191 1938 libro
1231 1905 1466 1937 annotata.
1526 1895 1627 1936 Iam

67 1976 220 2022 Mich.
250 1979 428 2022 Brutus
459 1977 667 2021 insititia
698 1994 796 2022 esse
825 1977 1075 2023 iudicavit.

150 2065 258 2123 Pag.
285 2069 351 2116 14.
394 2079 440 2107 v.
471 2075 541 2121 29.
601 2079 633 2106 u
651 2077 669 2106 t
713 2059 978 2124 proptie
1021 2064 1354 2108 cohaereat
1383 2088 1440 2102 --·
1481 2065 1621 2109 Lam·
1652 2095 1656 2102 .

67 2144 210 2193 binus
250 2164 337 2193 em.
379 2165 413 2191 ιι
428 2161 446 2192 t
483 2163 557 2191 no
574 2165 604 2191 ιι
643 2165 711 2208 pr
727 2149 916 2209 opri'e.
978 2150 1066 2194 Sed
1097 2167 1122 2194 e
1150 2149 1341 2210 vulgata
1364 2149 1493 2193 idem
1518 2166 1620 2193 sen-

67 2250 145 2278 sus
186 2234 366 2285 oritur,
405 2247 657 2294 propterea
705 2236 836 2295 quod
877 2236 1069 2296 negatio
1114 2236 1210 2289 iam
1243 2235 1369 2279 inest
1388 2235 1461 2278 ‘in
1494 2248 1622 2281 ante-.

68 2319 366 2370 cedentibus,
426 2336 541 2379 quo
558 2320 588 2363 d
627 2335 747 2364 non
790 2330 861 2364 ex
897 2321 1030 2380 ipsa
1075 2338 1212 2366 caus
1229 2338 1253 2364 a
1290 2334 1501 2364 natum
1529 2321 1619 2367 -vi-

67 2405 96 2449 d
111 2421 134 2448 e
151 2417 168 2448 t
182 2423 215 2450 ιι
232 2421 270 2450 r.
332 2405 432 2466 Cic.
477 2405 532 2448 de
577 2408 682 2450 Inv.
711 2408 747 2449 Ι.
781 2415 846 2462 18.
892 2408 1084 2451 eandem
1114 2424 1217 2451 rem
1248 2388 1315 2450 sic
1348 2405 1616 2467 eloquitur:

64 2493 427 2551 Separatum
470 2505 586 2541 est,
643 2491 804 2551 quod
855 2507 976 2536 non
1017 2509 1084 2536 ex
1124 2492 1265 2552 ipsa
1307 2486 1617 2538 causa‘du·

4 2564 229 2644 &etl-um
263 2589 374 2626 est,
410 2592 522 2620 nec
559 2575 722 2619 sicut
760 2575 1029 2637 aliquod
1062 2578 1397 2622 membr-um
1442 2579 1616 2623 adne-

7 2654 30 2678 ”’
61 2675 198 2705 xum
237 2661 535 2705 orationi.
597 2661 822 2706 Ceterum
860 2679 959 2706 non
995 2678 1114 2722 opus
1147 2675 1240 2713 est3
1278 2677 1333 2708 ut
1365 2680 1454 2724 pro
1490 2680 1613 2707 nar-

700 2722 714 2741 Χ

0 2755 15 2811 ᾗ
60 2760 118 2790 ra
132 2745 225 2790 tio
241 2761 274 2790 n
287 2763 309 2790 e
339 2746 421 2792 hic
453 2762 738 2806 reponamus
777 2764 805 2792 o
821 2764 845 2791 r
860 2766 884 2792 a
898 2761 914 2792 t
928 2748 948 2790 i
964 2763 991 2792 o
1003 2764 1036 2792 ιι
1052 2764 1090 2792 e.
1124 2779 1125 2782 =
1148 2750 1275 2795 Nam
1295 2749 1336 2793 si
1361 2750 1613 2794 exordium
