1878 3198
296 263 397 309 AD
457 262 956 308 HERENNmM
1025 261 1340 322 [υμῖν.
1393 265 1477 317 44.
1556 265 1672 324 ⁷165

33 422 48 441 “
76 441 196 494 pro
233 425 406 494 patria
443 439 601 496 grave
637 422 934 491 putandum
970 432 1066 472 est.
1142 424 1304 494 Ergo⁴
1324 424 1418 492 qui
1459 419 1678 492 fugiunt

99 514 157 562 id
196 510 518 578 periculum,
577 509 721 578 quod
759 526 856 576 pro
895 508 1165 576 republica
1201 507 1535 559 subeundum
1575 519 1672 568 est,

100 597 261 648 stulte
311 594 534 644 faciunt.
634 595 768 644 Nam
832 611 1002 663 neque
1052 591 1280 665 effugere
1333 594 1674 643 incommoda

26 734 30 735 ⁷
97 693 350 750 possunt,
413 692 463 729 et
518 682 712 751 ingrati
749 681 806 728 in
844 681 1112 731 civitatem
1149 682 1504 746 reperiuntur.
1584 683 1672 737 At,

99 770 194 837 qui
232 768 432 834 patriae
468 765 704 834 pericula
744 782 840 818 suo
883 748 1120 834 periculo
1160 776 1412 832 expetunt
1434 802 1448 823 ‚
1499 763 1559 814 hi
1596 782 1673 818 sa-

98 855 301 921 pientes
335 852 557 919 putaudi
594 863 748 909 sunt,
811 868 931 900 cum
970 862 1021 899 et
1058 867 1210 909 eum,
1264 868 1422 920 quem
1461 849 1674 908 debent,

99 937 361 989 honorem
399 936 720 1004 reipublicae
753 937 1015 994 reddunt,
1057 948 1109 985 et
1147 953 1242 1002 pro
1281 935 1464 985 multis
1503 938 1677 1005 perire

101 1025 334 1082 malunt,
398 1042 556 1093 quam
608 1041 728 1071 cum
781 1022 977 1072 multis.
1074 1024 1287 1093 Etenim
1340 1020 1677 1072 vehementer

101 1122 183 1176 est
221 1113 496 1178 iniquum,
537 1110 730 1167 vitam,
770 1126 930 1175 quam
969 1125 998 1156 a
1036 1119 1228 1156 natura
1261 1119 1527 1174 acceptam
1553 1124 1675 1173 pro·
1728 1150 1738 1154 ,γ

100 1207 218 1262 pter
251 1197 476 1261 patriam
518 1194 940 1250 conservaveris,
991 1204 1240 1249 naturae,
1293 1210 1461 1262 quum
1499 1202 1674 1261 cogat,

100 1281 348 1339 reddere3
390 1282 619 1346 patriae,
660 1297 827 1348 quum
863 1289 1046 1348 roget,
1087 1296 1197 1327 nou
1235 1279 1387 1337 dare3
1430 1289 1480 1326 et
1507 1295 1674 1346 quum

100 1368 272 1432 possis
323 1381 443 1413 cum
494 1382 696 1412 summa
740 1363 964 1412 ‘vii-tute·
996 1373 1047 1411 et
1102 1362 1306 1413 honore
1357 1380 1455 1431 pro
1505 1364 1677 1430 patria

101 1452 343 1507 interire,
381 1449 534 1497 malle
571 1466 663 1515 per
701 1449 925 1497 dedecus
965 1459 1017 1497 et
1052 1466 1145 1516 per
1175 1451 1441 1519 ignaviam
1470 1450 1673 1497 vivere:

103 1546 184 1593 et,
249 1553 412 1603 quum
462 1551 559 1601 pro
600 1536 783 1582 amicis
841 1545 893 1582 et
929 1534 1239 1600 parentibus
1279 1545 1330 1582 et
1368 1536 1550 1582 ceteris
1590 1550 1676 1581 ne-

105 1622 347 1669 cessariis
399 1619 544 1668 adire
594 1618 887 1686 periculum
927 1619 1084 1677 velis,
1137 1636 1234 1687 pro
1274 1617 1579 1686 republica,
1620 1620 1676 1666 in

104 1723 210 1774 qua
248 1717 301 1753 et
335 1703 497 1761 haec,
557 1715 609 1752 et
645 1702 778 1752 illud
815 1705 1208 1753 sanctissimum
1246 1722 1441 1755 nomen
1476 1705 1679 1770 patriae

105 1791 472 1847 continentur,
513 1788 652 1839 nolle
690 1791 746 1837 in
786 1789 1070 1838 discrimen
1107 1791 1302 1840 venire.
1377 1791 1564 1858 Itaque
1597 1791 1678 1858 uti

106 1876 522 1924 contemnendus
561 1886 670 1932 est,
711 1877 805 1943 qui
846 1876 902 1922 in
940 1875 1238 1945 navigando
1278 1892 1361 1932 se,
1403 1893 1561 1944 quam
1591 1893 1678 1923 na·

106 1960 246 2017 vim,
287 1960 488 2010 mavult
524 1960 876 2019 incolumem3
929 1962 1003 2008 ita
1041 1961 1450 2028 vituperandus,
1492 1962 1585 2028 qui
1622 1961 1679 2007 in

105 2044 428 2111 reipublicae
467 2046 798 2101 discrimine,
840 2062 964 2093 suae
1005 2045 1156 2112 plus,
1210 2064 1369 2115 quam
1410 2045 1678 2094 communi

110 2129 300 2186 saluti,
356 2131 602 2180 consulit.
676 2132 819 2182 Nave
858 2133 996 2179 enim
1035 2128 1236 2188 fracta,
1289 2130 1442 2179 multi
1479 2129 1677 2177 incolu-

110 2232 220 2263 mes
260 2228 566 2266 evaserunt:
639 2233 700 2266 ex
750 2214 1028 2285 naufragio
1067 2217 1268 2282 patriae
1308 2215 1482 2265 salvus
1520 2230 1677 2264 nemo

109 2313 289 2369 potest
336 2314 565 2350 enatare.
660 2302 819 2367 Quod
872 2299 1004 2349 mihi
1051 2300 1185 2350 bene
1233 2286 1447 2352 videtur
1481 2301 1675 2349 Decius

111 2387 458 2444 intellexisse,
499 2387 595 2454 qui
633 2404 685 2436 se
722 2388 998 2438 devovisse
1037 2387 1248 2443 dicitur,
1291 2397 1343 2435 et
1378 2403 1475 2453 pro
1514 2385 1677 2455 legio·

111 2471 267 2526 nibus
307 2474 362 2520 iu
399 2470 580 2521 hostes
618 2469 859 2522 intulisse
897 2472 1137 2542 medios:
1201 2471 1340 2520 unde
1391 2474 1567 2520 amisit
1603 2472 1678 2520 vi·

111 2569 251 2614 tam,
293 2568 346 2605 at
382 2575 489 2606 non
527 2557 775 2624 perdidit.
867 2561 941 2608 Re
981 2560 1121 2606 enim
1159 2557 1443 2607 vanissima
1481 2567 1677 2606 certam

112 2654 163 2691 et
201 2660 360 2709 parva
398 2645 678 2691 maximam
715 2644 953 2693 redemit.
1027 2642 1189 2691 Dedit
1228 2643 1423 2699 vitam,
1480 2642 1680 2707 accepit

109 2730 366 2794 patriam3
409 2730 588 2777 amisit
626 2732 882 2787 animam,
923 2729 1125 2795 potitus
1166 2739 1244 2776 est
1282 2726 1487 2799 gloria,
1545 2742 1680 2794 quae

114 2830 232 2861 cum
270 2830 477 2866 summa
512 2813 668 2863 laude
704 2814 914 2880 prodita
950 2824 1215 2865 vetustate
1243 2800 1484 2882 quotidie
1511 2812 1679 2882 magis
