1878 3198
605 95 626 115 'Q

219 180 661 240 RHETOR'IC.
702 195 806 238 DE
847 197 1171 249 INVENT.
1231 200 1303 242 11.
1346 207 1417 254 45·
1525 214 1626 262 257

63 354 204 398 eius
248 369 496 402 causae,
539 368 659 412 quae
690 366 761 398 est
804 355 858 397 in
889 353 994 399 cod.
1023 354 1162 401 Voss.
1208 371 1248 398 c.
1293 354 1485 409 Schol,
1513 372 1624 415 pro·

62 439 418 498 basse,'quum
461 438 547 482 alii
589 438 852 483 edidissent
893 439 1024 484 eius
1065 439 1161 484 rei
1206 457 1479 486 causam.
1534 445 1642 503 Er·-

60 525 187 570 nesti
224 537 382 568 autem
430 516 588 568 totum
629 525 1146 599 eiiciendum'putabat
1177 539 1228 570 ut
1258 527 1490 586 spurium.
1551 527 1622 571 Si·

59 609 192 654 milis
225 609 451 670 loquutio
482 609 625 669 paulo
658 624 764 655 ante
800 611 1033 654 occurrit:
1065 611 1245 654 nihil
1278 612 1621 675 quisquam

27 693 291 741 ‘afferat
350 705 570 739 causae
626 719 684 729 -·-
734 696 868 741 nisi
923 713 1077 756 quae
1133 713 1316 746 causa
1372 698 1435 742 in
1483 698 1621 758 lege

60 794 324 841 excepta
367 780 463 825 sit.

145 869 254 926 Pag.
284 877 383 924 559.
418 883 464 911 v.
494 880 579 925 19.¹
629 883 737 927 age
778 883 999 925 porro,
1050 868 1101 911 si
1140 892 1200 902 --
1268 870 1339 912 Ita
1380 867 1619 912 edidimus

55 966 250 996 auctore
278 953 521 998 Ernestio.
583 954 708 998 Nam
742 953 872 1013 quod
903 968 1068 997 omnes
1109 952 1262 997 libros
1291 953 1486 1004 invasit,
1516 969 1621 1014 age

53 1053 277 1099 porro,
337 1038 491 1097 quid
563 1039 644 1090 si,
699 1039 818 1090 ferri
856 1055 956 1082 non
1000 1051 1171 1099 potest.
1246 1039 1336 1082 Sed
1390 1051 1473 1083 aut
1511 1054 1619 1098 age

51 1140 249 1184 porro
294 1137 375 1167 aut
414 1124 567 1184 quid
609 1123 863 1168 delendum
895 1138 1003 1170 erat.

136 1211 244 1269 Pag.
281 1218 388 1266 340.
431 1226 478 1255 v.
521 1221 668 1263 1—5.
736 1210 901 1270 quod
954 1209 1007 1254 si
1059 1226 1222 1254 nunc
1280 1210 1346 1254 id
1401 1222 1614 1269 agant,

51 1293 220 1339 velle
264 1311 324 1338 se
367 1293 563 1350 scire,
611 1295 723 1354 qui
763 1294 934 1340 lator
979 1295 1089 1344 sit,
1134 1295 1243 1354 qui
1286 1295 1416 1339 sint
1455 1311 1618 1339 acce-

49 1379 263 1439 pturi3
317 1395 373 1424 se
442 1379 779 1439 captiones
850 1366 1190 1423 ostendere
1255 1393 1315 1424 et
1379 1380 1620 1424 dissua-

50 1465 195 1508 dere
235 1462 409 1507 velle
448 1488 506 1497 --
561 1461 834 1522 .Vulgatam
875 1462 1180 1512 lectionems
1214 1465 1322 1524 qui
1361 1466 1490 1509 sint
1531 1483 1614 1510 ac-

50 1547 336 1608 cepturi,
405 1563 464 1592 se
520 1547 814 1592 actiones
867 1547 1093 1593 videre
1126 1563 1201 1591 >ac
1243 1548 1615 1595 dissuadere

48 1633 249 1684 velle,
292 1646 557 1694 suspectam
603 1633 699 1677 sibi
740 1633 899 1678 videri
927 1633 1024 1676 iam
1054 1633 1321 1678 Lambinus
1352 1635 1498 1679 fassus
1530 1649 1612 1679 est.

47 1722 174 1766 Nam
231 1720 352 1778 quid
409 1719 504 1763 hoc
560 1732 628 1762 est
683 1719 975 1762 actiones
1045 1718 1321 1764 videre?
1388 1721 1612 1766 Commo·

48 1806 164 1850 dum
206 1820 293 1850 nos
336 1804 621 1853 Victorinus
663 1797 886 1866 expediie
928 1817 1100 1864 potest.
1170 1808 1216 1849 Is
1256 1804 1366 1851 h.1.
1406 1806 1474 1850 ita
1522 1807 1612 1851 cir-

49 1891 379 1951 cumscripsit:
437 1891 602 1950 quod
655 1891 708 1935 si
761 1890 1006 1951 aliquis
1058 1889 1216 1933 hanc
1269 1890 1473 1950 legem
1533 1891 1610 1934 fe-

10 1990 168 2028 .rat,
213 1977 371 2021 scire
417 1993 476 2021 se
517 1976 718 2027 velle,
763 1990 829 2020 ut
867 1975 919 2019 si
961 1975 1212 2035 aliquid
1244 1976 1332 2021 sit
1370 1976 1611 2037 captio·

49 2080 178 2109 sum
231 2063 752 2108 adversariumve
816 2074 1038 2105 contra
1094 2061 1292 2105 dicat.
1379 2063 1458 2104 Ex
1502 2077 1607 2121 quo

46 2149 300 2214 perspicue
327 2146 647 2207 intelligitur,
689 2144 834 2190 illum
872 2146 925 2189 in
959 2147 1123 2206 codice
1150 2162 1237 2191 suo
1269 2163 1366 2192 non
1416 2148 1607 2192 actio-

48 2249 182 2284 nes,
230 2234 312 2278 sed
365 2233 697 2292 captiones
747 2230 933 2292 legisse.
1024 2235 1116 2276 Pro
1169 2232 1392 2286 videre
1435 2246 1606 2276 autem

48 2318 384 2362 ostendere
425 2317 611 2377 scripsi.
670 2318 778 2360 Hoc
807 2317 937 2360 enim
971 2317 1082 2376 quia
1111 2317 1164 2359 in
1195 2317 1330 2361 codd.
1372 2312 1606 2362 Endere

48 2402 198 2446 scribi
236 2402 445 2454 solebat,
488 2402 628 2446 facile
671 2412 857 2461 poterat
898 2402 951 2444 in
982 2402 1048 2446 vi
1063 2402 1205 2445 dere
1246 2403 1435 2447 mutari.
1506 2403 1604 2447 Ca-

45 2487 299 2547 ptionis
343 2488 636 2534 vocabulum
681 2487 735 2530 in
773 2486 926 2531 simili
956 2487 1251 2531 re‘occurrit
1281 2488 1417 2530 Brut.
1461 2503 1500 2531 c.
1527 2497 1600 2542 55.

47 2585 276 2631 quanta
306 2587 471 2619 esset
508 2573 575 2617 in
603 2571 824 2617 verbis
855 2574 1102 2632 captio,
1143 2588 1327 2632 quum
1354 2572 1419 2615 in
1450 2586 1603 2616 cete-

48 2656 135 2701 ris
186 2658 374 2703 rebus
431 2672 553 2703 tum
607 2659 672 2701 in
726 2657 1159 2706 testamentis,
1213 2657 1267 2700 si
1320 2657 1601 2716 neglnige-

48 2754 268 2785 rentur
308 2743 696 2791 voluntate83
749 2755 795 2786 et
843 2757 882 2787 c.
919 2752 989 2797 52.
1032 2758 1208 2802 quam
1262 2745 1602 2801 captiosum

118 2825 224 2862 Noc.
246 2824 294 2862 in
316 2826 399 2865 Cic.
424 2825 604 2864 Rhetor.
1469 2821 1531 2872 17
