1924 3224
251 44 331 95 ’.Μ

322 139 349 158 ..ις

296 213 439 345 Q
473 213 977 271 HERENNIU·M
1034 214 1196 258 LIB.
1238 216 1327 257 II.
1359 226 1428 287 31.
1458 226 1531 260 22.
1633 229 1702 279 55

132 372 225 424 abs
252 385 335 433 te,
389 391 549 444 quem
586 373 674 424 ille
706 371 955 426 heredem
992 386 1308 424 testamento
1350 392 1411 424 ex
1447 388 1597 443 parte
1626 357 1706 427 fess

130 470 284 508 cerat.
394 460 689 509 Praedones
735 459 829 509 illo
883 460 1004 510 loco
1056 465 1331 530 nunquam
1391 472 1515 521 sunt
1566 463 1696 512 visi:

126 545 403 594 inimicum
440 544 643 594 nullum
679 544 926 594 habehat.
1013 546 1395 615 Relinquitur,
1440 546 1486 593 si
1526 562 1697 615 neque

128 645 157 676 a
182 628 566 696 praedonibus,
617 647 789 699 neque
817 628 882 678 ab
913 631 1143 679 inimicis
1169 631 1374 679 occisus
1401 641 1508 687 est,
1564 647 1696 699 quo·

66 703 77 715 ’
125 714 272 762 niam
320 707 475 763 'alteri
522 731 631 764 non
680 726 858 772 erant,
916 715 1108 765 alteros
1159 732 1268 765 non
1318 714 1578 773 habebat,
1629 726 1691 764 ut

56 853 59 857 ¹
125 796 219 847 abs
256 809 307 847 te
344 800 416 848 sit
449 801 823 858 interemtus.“
919 802 1064 859 Nam¹⁴
1104 802 1160 849 in
1197 798 1569 850 huiuscemodi
1610 817 1691 849 ex·

120 885 418 950 positione,
457 883 864 951 reprehensione
889 898 1129 943 utemur,
1169 887 1214 934 si
1241 903 1374 954 quos
1400 897 1689 953 praeterea,

124 986 284 1037 quam
332 967 420 1017 ille
470 969 688 1026 dixeiit,
749 973 987 1037 potuisse
1054 971 1319 1036 suscipere
1365 967 1728 1028 maleficium,

123 1054 540 1103 ostendeiimus:
603 1053 796 1104 velut
780 1074 838 1103 111
877 1054 982 1105 hoc
1021 1054 1285 1123 exemplo,
1338 1072 1506 1123 quum
1551 1054 1689 1104 dixe-

121 1138 195 1186 iit
230 1154 437 1187 necesse
466 1155 578 1187 esse
605 1151 698 1189 aut
725 1158 755 1187 a
788 1139 1145 1208 praedonibus
1163 1176 1178 1198 ‚
1229 1151 1321 1188 aut
1344 1138 1408 1187 ab
1438 1140 1689 1198 inimicis,

122 1235 219 1271 aut
265 1241 295 1271 a
344 1221 498 1273 nobis
538 1226 772 1274 occisum
822 1243 964 1286 esse;
1030 1217 1265 1276 dicemus
1317 1227 1556 1291 potuisse
1606 1223 1690 1273 vel

121 1325 151 1355 a
189 1305 424 1372 familia,
449 1316 452 1318 ’
479 1309 561 1360 vel
603 1328 632 1357 a
671 1309 1017 1362 coheredibus
1055 1313 1272 1361 nostris.
1368 1299 1690 1375 Quum-hoc

119 1391 282 1441 modo
319 1392 535 1444 illorum
573 1395 940 1446 collectionem
984 1389 1491 1458 disturbaverimus‚
1531 1393 1686 1444 nobis

118 1476 361 1526 latiorem
394 1478 572 1529 locum
614 1477 934 1530 defendendi
971 1481 1344 1550 relinquemus.

227 1577 310 1611 22.
348 1564 478 1611 Item
512 1551 707 1619 vitiosa
746 1566 1005 1632 expositio
1046 1568 1154 1623 est,
1195 1582 1331 1636 quae
1374 1575 1583 1614 constat
1612 1575 1682 1612 'ex

116 1643 249 1715 falsa
287 1650 709 1708 enumeratione3
751 1661 814 1698 ut
851 1651 926 1707 si,
967 1655 1132 1719 quum
1169 1650 1323 1716 plura
1362 1661 1516 1708 sunt,
1555 1667 1681 1716 pau-

118 1733 259 1781 ciora
299 1733 566 1792 dicamus,
619 1732 722 1783 hoc
761 1734 951 1784 modo:
1010 1736 1196 1792 „Duae
1224 1752 1304 1783 res
1334 1742 1488 1792 sunt,
1543 1734 1679 1783 iudi-

115 1834 227 1876 ces,
281 1835 415 1887 quae
451 1817 695 1868 homines
732 1819 799 1868 ad
833 1816 1157 1868 maleficium
1190 1819 1494 1886 impellunt,
1533 1818 1681 1868 luxu-

112 1904 216 1952 ries
253 1914 308 1952 et
346 1905 585 1954 avaritia.
605 1910 642 1933 ‘⁶
730 1903 874 1970 Quid
913 1903 1101 1954 amor?
1147 1906 1354 1974 inquiet
1382 1906 1681 1974 quispiam:

113 1988 246 2057 quid
285 1987 548 2039 ambitio?
609 1989 741 2057 quid
777 1989 1001 2059 religio?
1063 1990 1195 2059 quid
1242 2002 1412 2038 metus
1449 1987 1679 2057 mortis?

113 2072 245 2141 quid
278 2074 487 2149 imperii
529 2072 829 2142 cupiditas?
878 2075 1010 2145 quid
1046 2074 1272 2145 denique
1313 2074 1416 2122 alia
1452 2072 1677 2140 permul-

111 2155 202 2206 ta?
274 2159 406 2207 Item
457 2155 590 2206 falsa
650 2146 975 2209 enumeratio
1028 2171 1135 2218 est,
1198 2177 1366 2228 quum
1427 2159 1678 2224 pauciora

111 2253 267 2300 sunt,
335 2254 387 2291 et
432 2243 582 2310 plura
632 2243 890 2310 dicimus,
950 2241 1054 2292 hoc
1112 2244 1303 2310 modo:
1379 2244 1547 2300 „Tres
1591 2258 1675 2290 res

111 2338 265 2385 sunt,
325 2344 462 2395 quae
494 2324 735 2378 homines
773 2322 1092 2385 sollicitant,
1142 2338 1342 2384 metus,
1368 2327 1673 2393 cupiditas,

110 2411 453 2480 aegritudo.“
539 2413 674 2462 Satis
725 2415 866 2462 enim
914 2411 1088 2461 fuerat
1137 2411 1332 2460 dixisse
1383 2422 1582 2460 metum
1620 2422 1674 2459 et

110 2496 485 2561 cupiditatem3
545 2499 798 2566 quoniam
847 2497 1228 2568 aegritudinem
1279 2513 1398 2544 cum
1444 2506 1670 2563 utraque

107 2598 163 2629 re
202 2583 537 2630 coniunctam
577 2598 687 2631 esse
723 2599 931 2632 necesse
969 2594 1064 2645 est,
1556 2649 1558 2652 y

164 2675 167 2677 ’
213 2666 347 2717 Item
382 2667 574 2716 vitiosa
611 2669 868 2734 expositio
909 2678 1014 2725 est,
1079 2684 1213 2736 quae
1248 2667 1473 2716 nimium
1509 2665 1668 2734 longe

107 2751 390 2816 repetitur,
432 2747 535 2801 hoc
573 2751 763 2802 modo:
815 2752 1108 2810 „Omnium
1139 2752 1398 2806 malorum
1437 2749 1666 2803 stultitia
