1924 3224
261 250 379 374 Ag
419 248 917 295 HERENNIUM
975 248 1137 292 ΜΒ.
1194 248 1279 291 11.
1321 258 1404 301 25.
1450 247 1529 292 26.
1602 234 1681 299 261

126 416 258 466 Nam
298 415 373 463 ita
410 428 507 480 pro
539 427 636 459 suo
669 411 783 458 iure
814 407 919 458 hoc
945 405 1190 474 exemplo
1218 422 1374 455 usum
1401 404 1688 473 Cresphon-

125 513 235 550 tem
275 499 479 548 Ennius
519 495 759 552 induxit,
824 495 976 563 quasi
1030 494 1136 541 iam
1174 492 1300 540 satis
1340 492 1496 540 certis
1534 493 1690 541 ratio·
1739 510 1741 512 ·

125 583 316 641 nibus,
356 584 432 632 ita
471 598 610 638 esse,
651 581 1080 630 demonstrasset.

196 706 203 717 .
240 670 371 718 Item
402 667 656 718 vitiosum
693 677 800 723 est,
850 664 995 734 quod
1025 665 1131 711 iam
1166 663 1318 731 quasi
1349 679 1500 720 sero,
1537 673 1699 730 atque

130 767 250 806 acto
290 754 540 823 negotio,
592 751 700 800 dici
736 751 974 807 videtur,
1025 747 1353 799 hocinodo:
1416 750 1517 805 „Iu
1554 765 1695 796 men-

131 853 239 891 tem
277 837 412 888 mihi
450 838 496 885 si
532 839 792 894 venisset,
833 837 1103 901 Quirites,
1148 851 1256 883 non
1295 833 1698 890 commisissem,

133 938 194 974 ut
231 925 374 974 hunc
410 925 466 971 in
502 921 682 971 locum
719 938 806 969 res·
839 922 1069 979 veniret;
1129 937 1251 967 nam
1291 931 1382 968 aut
1419 917 1555 975 hoc,
1609 929 1701 966 aut-

131 1008 235 1061 hoc
273 992 548 1066 feciss'e1n3
591 1007 682 1055 sed
706 1024 788 1054 me
814 1017 928 1054 tum
960 1003 1089 1053 haec
1114 1005 1252 1053 ratio
1280 1001 1489 1073 fugit.“·
1516 1036 1529 1040 ‚

241 1096 373 1144 Item
398 1094 651 1143 vitiosum
676 1102 784 1147 est,
835 1108 1000 1158 quum
1026 1090 1082 1138 id
1098 1125 1112 1147 ,
1153 1090 1299 1157 quod
1325 1090 1380 1136 in
1410 1099 1590 1154 aperto
1617 1088 1698 1139 de-

130 1182 259 1233 licto
287 1181 524 1247 positum
552 1188 659 1234 est,
710 1187 887 1224 tamen
913 1173 1092 1244 aliqua
1114 1173 1220 1224 levi
1244 1176 1449 1245 tegitur¹
1474 1170 1699 1223 defensi·

135 1283 264 1324 one,
303 1263 408 1314 hoc
439 1263 633 1312 modo:

249 1391 408 1449 Quum
439 1401 484 1432 te
514 1385 792 1447 expetebant
821 1401 1012 1436 omnes,
1037 1382 1043 1389 “
1064 1385 1406 1430 florentissimo

247 1479 412 1536 Regno
443 1473 647 1534 reliqui3
697 1489 822 1515 nunc
852 1472 1087 1515 desertum
1119 1470 1174 1516 ab
1206 1471 1446 1520 omnibus,

253 1565 450 1606 Summo
482 1558 696 1620 periculo
729 1558 827 1602 sola
857 1570 910 1601 ut
938 1558 1184 1602 restituam
1212 1573 1341 1617 paro.

248 1693 330 1741 26.
371 1693 500 1740 Item
538 1692 792 1741 vitiosum
832 1701 940 1748 est,
998 1673 1147 1757 quod
1194 1689 1251 1736 in
1290 1687 1446 1735 aliam
1483 1696 1705 1754 partem,

140 1796 199 1828 ac
226 1779 426 1828 dictum
454 1778 552 1834 sit,
590 1786 766 1842 potest
792 1776 976 1842 accipi.
1053 1774 1114 1822 Id
1139 1785 1218 1822 est
1247 1771 1588 1829 huiusmodi,
1626 1782 1705 1827 ut,

140 1866 186 1914 si
212 1865 332 1932 quis
359 1873 544 1929 potens
576 1879 634 1909 ac
662 1857 916 1909 factiosus
943 1862 999 1908 in
1026 1861 1278 1908 concione
1305 1859 1521 1908 dixerit:
1577 1856 1706 1914 „Sa-

142 1951 246 1998 tius
286 1959 366 1996 est
404 1948 484 1994 uti
522 1944 752 2016 regibu5‚
794 1962 952 2012 quam
979 1944 1131 2011 malis
1158 1941 1423 2014 legibus.“
1497 1943 1629 1992 Nam
1657 1952 1709 1990 et

141 2033 244 2085 hoc
281 2033 492 2081 tametsi
522 2033 599 2079 rei
634 2030 903 2100 augendae
944 2047 1101 2079 causa
1141 2041 1317 2097 potest
1357 2030 1468 2078 sine
1505 2028 1707 2076 malitia

144 2119 252 2189 dici
270 2153 284 2176 ,
324 2129 500 2167 tamen
522 2126 736 2182 propter
761 2118 1053 2182 potentiam
1082 2118 1224 2174 eius,
1279 2116 1374 2184 qui
1400 2115 1558 2172 dicit,
1598 2119 1705 2162 noxi

151 2202 347 2251 dicitur
375 2203 486 2249 sine
512 2201 675 2249 atroci
705 2201 1018 2267 suspicione.

254 2287 388 2343 Item
412 2286 666 2335 vitiosum
695 2276 801 2344 est,
841 2284 988 2336 falsis
1005 2324 1020 2346 ,
1073 2297 1163 2335 aut
1190 2283 1492 2355 vulgaribus
1517 2280 1703 2333 defiui-

149 2369 384 2420 tionibus
423 2371 521 2418 uti.
605 2370 846 2419 Falsae
883 2383 1006 2419 sunt
1041 2370 1378 2427 huiusmodi,
1430 2381 1488 2417 ut
1517 2370 1563 2417 si
1589 2370 1707 2437 quis

149 2457 307 2513 dicat,
346 2455 596 2503 iniuriam
624 2471 732 2503 esse
759 2456 972 2514 nullam,
1013 2457 1117 2504 nisi
1140 2472 1274 2524 quae
1301 2472 1360 2504 ex
1396 2455 1715 2522 pulsatione,

151 2552 242 2589 aut
270 2540 511 2589 convicio
545 2551 764 2614 constet.
839 2541 1167 2611 Vulgares
1198 2552 1337 2598 sunt,
1377 2557 1510 2609 quae
1539 2537 1708 2587 nihilo

149 2627 325 2674 minus
365 2627 419 2673 in
458 2623 613 2671 aliam
646 2642 756 2672 rem
793 2626 1069 2675 transferri
1107 2636 1359 2691 possunt;
1414 2636 1474 2672 ut
1513 2626 1558 2672 si
1586 2625 1708 2691 quis
1755 2671 1759 2674 .

151 2710 319 2759 dicat:
361 2709 824 2776 ‚,Quadruplator,
868 2722 930 2759 ut
956 2710 1186 2761 breviter
1211 2707 1531 2766 describamss
1575 2709 1710 2773 capi-

145 2794 267 2844 talis
308 2806 402 2846 est.
492 2797 590 2845 Est
625 2797 764 2845 euim
802 2794 1107 2864 improbus,
1166 2807 1217 2845 et
1254 2792 1476 2863 pestifer
1520 2795 1712 2846 civis.“‘
