1878 3198
156 206 616 266 ‘RHETomo
663 217 771 304 De
811 214 1432 284 1·NVENT.*11.11.12.
1521 229 1622 275 225

134 377 264 434 *Pag-
289 386 394 433 290.
423 376 480 419 'v.
509 384 571 415 12.
603 382 669 426 15.
728 385 787 416 et
831 351 1224 417 'de'moribus
1267 396 1325 407 —
1378 370 1455 415 Sic
1486 371 1624 415 codd.

72 460 288 505 Groth.
347 470 395 503 et
435 457 658 502 Oudend.
747 460 904 504 Recte.
974 460 1031 501 In
1071 444 1177 502 edd.
1216 455 1456 501 omittitur
1496 472 1624 516 prae·

69 545 264 605 positio.

155 633 261 687 Pag.
290 642 388 688 290.
425 646 484 673 v„
506 643 569 685 ιδ.
598 636 670 686 14.
715 629 783 672 de
815 611 1210 678 eom-imin,
1258 642 1379 687 quo
1422 642 1626 685 argua-

72 730 177 760 tur
214 740 274 760 φ-
327 715 517 774 Vulgo:
581 730 696 773 quo
749 714 814 757 de
868 727 1235 777 arguatur.¹
1279 716 1335 756 In
1378 727 1474 756 uno
1522 713 1626 757 cod.

18 839 23 849 f
74 800 300 846 Oudend.
339 799 528 843 invenit
570 800 637 843 de
682 815 797 859 quo
841 812 1155 858 arguatur.
1230 791 1627 852 Sed-cji'mine

71 885 292 946 aliquo
338 885 615 943 aliquem
658 885 924 943 arguere
970 885 1174 933 dicitur,
1232 897 1286 927 ut
1325 884 1466 944 paulo
1508 896 1626 934 ante,

72 987 141 1016 eo
190 971 337 1030 ipso
392 954 457 1013 in
508 986 769 1029 genere,
828 963 947 1029 quo
1004 981 1350 1029 arguetur;
1418 985 1516 1014 non
1559 968 1628 1012 de

73 1056 369 1122 crimine(
412 1071 707 1114 arguere.

672 1214 808 1274 cap.
865 1190 1056 1258 x11s

95 1345 98 1348 >
161 1329 271 1386 Peg.
303 1338 408 1386 290.
453 1342 500 1370 v.
534 1339 600 1380 17.
636 1334 702 1382 ¹8·
763 1343 834 1370 ex
881 1327 1175 1372 omnibus
1227 1326 1532 1386 partibus
1575 1348 1630 1359 —-

75 1427 145 1455 ex
185 1411 395 1472 ipsius
437 1410 734 1469 partibus
778 1411 880 1455 cod.
911 1410 1084 1456 Altorf.

157 1499 266 1555 Pag.
292 1509 396 1553 290.
436 1503 578 1552 v.24.
621 1510 844 1553 genera
889 1512 1094 1540 earum
1125 1520 1181 1531 —
1220 1496 1365 1555 Vulg.
1408 1510 1632 1554 genera

74 1596 304 1625 eorum.
378 1579 465 1623 Sed
508 1595 715 1623 earum
757 1580 959 1624 refertur
1000 1581 1055 1624 ad
1096 1581 1369 1625 antecedens
1411 1597 1632 1631 rerum,

77 1667 201 1711 sicut
231 1664 374 1726 paulo
405 1678 540 1723 post:
583 1680 779 1723 genus
824 1681 1032 1709 earum
1077 1682 1297 1711 rerum.

84 1782 87 1785 -
159 1753 403 1809 Pag.290.
443 1757 591 1802 v.2!4.
662 1762 873 1810 partes
930 1766 1228 1809 generum
1285 1751 1631 1812 pleraeque

77 1861 129 1869 —
182 1834 404 1890 Lambin.
463 1834 586 1876 coni.
652 1847 865 1892 partes
933 1852 1226 1895 generum
1292 1838 1633 1898 pleraeque

78 1937 326 1969 omnes,
384 1918 495 1979 quia
538 1918 591 1961 in
638 1920 726 1962 Ms.
771 1920 1019 1966 invenerat
1071 1936 1278 1981 partes
1333 1939 1635 1982 generum

38 2005 418 2068 „pleraeque
470 1983 595 2047 non
652 2020 875 2049 omnes.
958 2006 1049 2050 Sed
1088 2006 1214 2051 illud
1253 2023 1376 2051 non
1424 2022 1633 2052 omnes

78 2108 139 2135 ex
167 2091 321 2152 glossa
350 2089 602 2133 adiectum.

161 2178 269 2234 Pag.
303 2189 399 2232 290.
441 2191 487 2217 v.
519 2174 588 2217 26.
620 2185 690 2227 27.
749 2191 902 2234 quae
950 2176 1018 2220 ab
1067 2191 1128 2219 re
1172 2175 1464 2236 separari
1513 2191 1634 2220 non

10 2261 15 2264 ’
78 2273 449 2321 possuntv—
491 2258 709 2302 Lambin.
751 2242 1024 2318 poseium
1078 2261 1158 2304 sed
1199 2261 1308 2320 quia
1352 2252 1432 2304 his'
1457 2260 1632 2309 verbis,

83 2362 234 2406 quae
273 2371 330 2380 —
369 2356 662 2406 possunt,
704 2344 830 2389 inest
875 2345 1098 2388 definitio
1141 2361 1174 2389 s.
1207 2346 1461 2405 explicatio
1495 2361 1636 2391 voca-

82 2431 188 2476 buli
231 2429 668 2479 continentia,
712 2429 1001 2474 indicativus
1036 2429 1312 2490 requiritur.

162 2517 275 2574 pag.
314 2528 411 2572 291.
455 2530 502 2557 v.
533 2522 581 2570 4.
644 2527 788 2558 sunt
841 2514 1196 2558 attributae
1241 2541 1292 2550 -
1346 2515 1424 2559 Sic
1463 2515 1656 2562 Lamb..

83 2599 392 2648 concinnius,
434 2615 575 2657 quam
615 2597 833 2658 plerique
874 2599 1232 2643 attributae
1274 2613 1432 2644 sunt.

168 2686 273 2743 Pag.
307 2698 403 2741 291.
447 2700 492 2730 V.-
530 2700 598 2726 10.
662 2684 947 2730 brevite-r
987 2683 1374 2728 iniiciemus'
1401 2666 1454 2718 -L-
1490 2686 1634 2746 Vulg.

0 2750 377 2817 ff-brevitex
430 2769 1031 2814 demonstrabimus.
1116 2770 1181 2814 At
1222 2769 1453 2816 in-codd.
1496 2772 1634 2820 Voss.
