1924 3224
1419 0 1464 17 Ὗ

210 233 288 295 '50
384 206 893 273 ‘stjMMARIUM
945 222 1175 267 LIBRI
1229 223 1612 288 saeuum.
1849 267 1855 269 ,

219 384 770 450 discrepantibus3
802 385 876 440 (c.
911 385 1011 441 10.)
1063 393 1105 439 5.
1137 384 1195 428 de
1226 383 1548 446 ambigam
1580 386 1654 443 (c.
1674 381 1792 450 ξιξ)

217 469 258 517 4.
303 462 360 505 de
379 480 384 486 -
405 476 539 504 causa
576 459 630 518 in
671 473 763 518 qua
806 455 1206 500 definitione
1247 471 1380 529 opug&
1407 469 1500 508 θεῖς
1546 457 1631 519 (c.
1675 451 1800 519 ηιξ)
1851 452 1854 454 ’

215 542 258 587 5.
305 533 361 578 de
402 527 949 575 translationibus
987 540 1035 571 et
1074 526 1117 572 6.
1166 527 1224 572 de
1269 543 1403 573 causa
1441 523 1787 575 rationali.

216 605 238 660 (
265 619 302 648 c.
352 615 418 647 12.
461 603 623 661 extr.)
947 596 963 602 “
1119 594 1122 598 ’
1674 626 1678 628 -
1758 653 1769 669 .

299 674 465 718 Tertio
505 671 614 717 loco
661 673 719 716 de
759 669 973 733 partibus
1026 670 1341 716 iuridicis
1357 666 1790 735 liscomtiiutid-

213 747 287 793 nis
343 745 525 805 agitur,
592 743 614 801 (
639 759 676 802 ο.
743 754 809 798 15.
865 758 965 804 sqq.
991 744 1015 800 )
1074 741 1161 786 ubi
1214 743 1428 803 primum
1494 741 1791 800 absoluta

183 814 195 820 ‘X
211 830 472 879 spectatur,
531 814 585 858 in
627 833 718 876 qua
756 831 863 860 reus
905 816 1057 875 ipsam
1095 830 1196 858 rem
1211 847 1224 865 ,
1285 831 1426 876 quam
1449 814 1649 860 ‘fecissev
1678 830 1789 860 con·-
1826 854 1834 863 .
1854 847 1861 855 2
1899 838 1910 848 x

211 888 407 938 fitetur,
465 887 570 931 iure
622 887 793 932 factam
847 887 967 932 dicit
1017 886 1118 931 sine
1157 885 1257 930 ulla
1297 886 1586 931 assumtione
1639 881 1789 935 ’σξηα-
1899 873 1907 886 “

208 961 307 1005 riae
348 958 650 1004 defensionis.
709 960 767 1001 In
807 956 895 1002 hac
922 957 1095 1017 *igitur*
1130 956 1250 1001 iuris
1291 969 1443 1017 partes
1482 955 1787 1008 adhibenmr,

211 1049 329 1094 quae
359 1043 468 1076 sunt
497 1028 663 1075 natura
678 1062 692 1080 ,
732 1028 835 1079 lex,
884 1028 1201 1080 consuetudo,
1241 1028 1534 1079 iudicatum,
1579 1043 1785 1089 aequum
1886 1082 1887 1085 Ἴ

209 1118 257 1149 et
308 1103 488 1149 bonum
504 1135 517 1153 ,
571 1114 778 1162 pactum,
838 1101 860 1157 (
889 1116 926 1145 c.
985 1112 1051 1155 132
1074 1103 1096 1158 )
1186 1100 1373 1144 Deinde
1434 1115 1524 1145 ass
1539 1114 1634 1146 um
1649 1099 1786 1146 tiva
1851 1127 1855 1130 -
1921 1131 1924 1154 ;

209 1192 315 1238 pars
379 1172 668 1219 iuridicialis
735 1172 1103 1218 constitutionis·
1158 1172 1483 1217 consideratur
1497 1204 1510 1224 ,
1569 1160 1784 1218 docetur·
1836 1188 1858 1225 ·,

209 1262 300 1308 que
315 1278 327 1296 ,
371 1245 489 1305 quid
529 1243 586 1289 ab
631 1257 898 1288 accusatore
939 1257 983 1288 et
1025 1243 1266 1288 defensore
1308 1242 1420 1286 fieri
1461 1243 1628 1299 debeat
1659 1261 1696 1288 ι.
1725 1243 1782 1288 in
1846 1271 1850 1273 -
1871 1244 1885 1255 ’”

208 1333 234 1362 o
249 1334 277 1363 o
295 1334 339 1360 m
354 1334 384 1378 p
398 1333 423 1359 a
436 1332 497 1360 ra
514 1317 605 1361 tio
621 1331 651 1358 n
666 1331 690 1359 e
702 1347 715 1365 ,
776 1313 863 1357 ubi
914 1315 1155 1375 quaeritur
1167 1347 1178 1366 ,
1240 1328 1401 1359 utrum
1448 1315 1593 1359 satius
1634 1311 1784 1360 fuerit

209 1404 343 1450 agere
383 1388 436 1432 id
466 1386 595 1448 quod
623 1401 730 1430 reus
761 1385 888 1428 dicat
927 1401 974 1428 se
1003 1385 1192 1436 fecisse,
1238 1402 1295 1429 an
1334 1385 1386 1430 id
1430 1385 1559 1447 quod
1598 1402 1783 1433 accusa·

209 1474 284 1506 tor
327 1459 454 1504 dicat
493 1457 760 1519 oportuisse
801 1455 939 1506 fieri3
995 1457 1017 1514 (
1041 1473 1078 1502 c.
1131 1465 1197 1512 14.
1226 1459 1247 1514 )
1306 1465 1347 1502 2.
1402 1457 1456 1502 in
1512 1457 1780 1503 transla-

207 1532 384 1577 tione
427 1528 722 1574 criminis
775 1527 860 1584 (c.
907 1528 1020 1584 15.)
1063 1544 1211 1588 quum
1252 1525 1319 1571 ab'
1351 1542 1432 1573 reo
1477 1526 1593 1572 facti
1640 1539 1778 1573 cauta
1844 1552 1856 1560 ⁴

206 1603 259 1646 in
298 1601 504 1646 aliorum
543 1613 789 1661 peccatum
821 1590 1123 1651 transfertum
1164 1610 1221 1654 ¹5.
1263 1599 1318 1642 in
1364 1613 1430 1644 co
1445 1615 1474 1643 n
1491 1599 1650 1644 cessi
1665 1605 1795 1646 one'

207 1675 229 1731 (
253 1689 291 1718 c.
339 1672 406 1716 16.
451 1683 516 1727 17.
543 1674 565 1728 )
617 1686 699 1732 per
740 1686 881 1731 quam
911 1685 1017 1714 reus
1048 1670 1142 1715 sibi
1170 1669 1360 1732 ignosci
1387 1669 1627 1731 postulat,
1675 1671 1779 1719 sive

207 1761 254 1790 se
293 1744 651 1806 purgando,
701 1742 802 1787 sive
845 1742 1271 1804 deprecando.
1395 1798 1400 1803 X
1770 1763 1771 1766 ¹

278 1813 537 1875 Expositis
606 1813 756 1872 igitur
824 1813 1315 1872 argumentationibus
1382 1813 1437 1857 in
1496 1829 1777 1876 unaquaque

205 1886 447 1934 iudicialis
478 1886 662 1945 generis
690 1898 820 1945 parte
849 1883 1160 1935 adhibendis,
1202 1885 1340 1930 docet
1379 1897 1569 1936 auctor,
1614 1891 1777 1947 quem-

205 1958 466 2003 admodum
507 1956 634 2015 ipsae
675 1956 1104 2016 argumentationes
1144 1969 1304 2002 ornate
1346 1968 1392 2000 et
1431 1954 1644 2001 absolute
1689 1969 1778 2002 tra·

207 2030 323 2075 ctari
362 2027 546 2090 possint
597 2043 635 2070 c.
684 2034 749 2081 18.
793 2042 919 2087 seqq.
989 2029 1153 2088 Itaque
1194 2026 1407 2087 primum
1448 2040 1602 2088 partes
1643 2042 1778 2089 argu·

199 2099 510 2147 mentationis
548 2110 880 2142 enumerantur
918 2114 969 2142 ac
1010 2099 1332 2151 definiuntur,
1371 2115 1527 2161 prop
1543 2116 1571 2145 o
1587 2099 1776 2153 sitio,
1819 2098 1825 2101 χ

199 2148 401 2221 iatio,
430 2169 707 2214 rationis
739 2168 1185 2219 confirmatio,
1215 2171 1586 2223 exornatio,
1618 2186 1772 2216 com-

204 2243 426 2305 plexio
470 2242 543 2296 (c.
577 2248 642 2296 18.
681 2242 809 2299 19.);
854 2240 1022 2284 deiude
1063 2240 1322 2284 secundum
1351 2241 1569 2289 ordinem
1599 2241 1771 2287 harum

202 2313 440 2374 partium,
490 2327 606 2372 quae
635 2309 828 2356 vitanda
858 2310 952 2355 sint
992 2312 1053 2379 in(
1092 2311 1293 2372 singulis
1323 2312 1473 2364 vitia,
1530 2328 1775 2378 common·

205 2397 391 2428 stratur.
453 2383 472 2439 (
498 2398 536 2427 c.
583 2396 640 2427 20
665 2408 719 2417 --
745 2394 815 2440 29.
842 2383 862 2438 )

291 2458 390 2498 Iam
432 2453 643 2498 absoluta
683 2454 739 2498 de
782 2454 946 2499 ceteris
986 2451 1200 2515 partibus
1257 2454 1487 2500 orationis
1540 2453 1593 2498 in
1636 2469 1773 2500 cansa

203 2524 424 2570 iudiciali
472 2524 818 2583 disputatione,
870 2524 893 2580 (
905 2523 1086 2568 dictum
1139 2524 1268 2568 enim
1310 2538 1406 2570 erat
1457 2525 1514 2570 de
1554 2525 1770 2577 exordio,

202 2595 494 2645 narratione,
555 2595 818 2646 divisione,
892 2595 1258 2640 confirmatione
1314 2609 1359 2641 et
1413 2596 1770 2654 confutatione)

204 2666 417 2728 sequitur
471 2666 603 2710 locus
659 2667 715 2710 de
772 2683 795 2710 c
810 2684 882 2712 on
897 2666 1099 2711 clusio
1114 2666 1220 2710 nib
1236 2683 1298 2712 us
1355 2667 1376 2723 (
1403 2683 1440 2712 e.
1496 2678 1565 2722 50.
1620 2668 1770 2728 sqq.)

205 2737 291 2782 ubi
338 2754 374 2781 1.
415 2737 470 2780 de
511 2739 1007 2788 enumeratione,
1066 2750 1104 2781 2.
1139 2738 1195 2781 de
1227 2737 1768 2798 amplificatione,

204 2819 244 2862 5.
289 2808 345 2852 de
386 2808 970 2854 commiseratione>
1003 2811 1086 2865 (c.
1127 2821 1197 2866 51.
1222 2810 1243 2865 )
1288 2809 1459 2867 agitur.
