1924 3224
209 227 304 279 xx
523 208 1477 268 PROLEGOMENORU‘M

206 371 457 446 ⁴ratione
488 385 760 456 dixerat,
809 405 963 453 cum*
995 383 1216 443 ceteris
1263 385 1413 455 artis
1438 384 1780 464 ‚scriptor-ir

209 502 329 577 biis
359 516 682 572 constare,
728 500 858 558 nisi
903 501 1072 578 quod
1119 501 1195 557 de
1220 499 1782 573 insinuationibus

210 638 380 676 nova
421 616 901 696 excogitaverit,
963 613 1134 693 quod
1182 604 1282 673 eas
1327 615 1504 674 solus
1547 616 1614 672 in
1661 613 1784 677 trffia

212 747 500 809 tempora
532 730 841 789 diviserit.
934 734 1029 787 Ex
1072 731 1193 788 hoc
1233 730 1816 821 loco‘Purgoldusx

211 868 413 924 nuper
444 861 609 904 recte
638 845 922 925 collegit,
951 845 1433 908 Herennianum
1459 847 1784 913 Ciceronis
1809 826 1897 935 ‘f
1922 883 1924 886 -

211 962 394 1019 libris
424 962 917 1020 Rhetoricorum
951 959 1045 1016 uti
1077 980 1213 1016 non
1241 960 1543 1036 potuisse.
1592 961 1787 1020 ‘Cice·
1840 994 1846 1001 x
1888 937 1904 983 ζ’

211 1097 284 1134 ro
314 1076 488 1134 enim
523 1081 663 1132 Inv.
700 1080 745 1131 I.
790 1094 879 1147 17.
931 1075 1178 1132 disertis
1210 1074 1418 1132 verbis
1450 1075 1526 1133 de
1556 1075 1803 1143 iisdem

212 1191 419 1249 tribus
449 1189 841 1267 temporibus
873 1187 1022 1267 agit,
1071 1187 1302 1265 quibus
1341 1188 1804 1294 insinuatione
1875 1232 1877 1234 -

210 1306 463 1397 potius,
512 1325 702 1382 quarn
759 1304 956 1361 altero
1019 1324 1244 1383 genere
1292 1303 1567 1374 exordii,
1613 1298 1857 1386 (μή
1844 1278 1924 1367 Ῑέ

211 1419 601 1499 principium
631 1418 882 1488 dicitur,
916 1418 1225 1474 utendum
1256 1417 1356 1475 sit.
1431 1423 1563 1477 Iam
1589 1417 1860 1497 quum

215 1534 432 1592 Cicero
464 1555 599 1590 non
633 1533 830 1603 dicat,
880 1553 944 1593 se
974 1533 1124 1589 haec
1152 1548 1474 1612 praecepta
1506 1534 1789 1612 primum

214 1648 572 1719 invenisse,
634 1647 1088 1706 Herennianus
1146 1662 1358 1706 autem
1396 1648 1518 1707 sibi
1565 1669 1788 1708 eorum

214 1752 630 1820 inventorum
676 1763 934 1820 laudem
977 1778 1256 1842 arroget,
1304 1784 1421 1821 nec
1457 1777 1671 1820 tamen
1715 1762 1788 1827 in

203 1856 364 1936 ⁴eum
393 1878 526 1935 ulla
559 1877 861 1969 vanitatis
897 1877 1226 1936 cuiusdam
1271 1877 1552 1963 suspicio
1584 1877 1786 1951 cadat,

216 2013 406 2050 nemo
448 2014 585 2051 non
630 1992 837 2063 videt,
888 1992 1281 2050 Herenniani
1317 1991 1554 2050 librum
1599 2012 1635 2050 a
1676 1990 1785 2076 Ci—

219 2127 477 2178 cerone,
523 2127 657 2164 non
700 2121 907 2164 autem
938 2107 1262 2166 Ciceronis
1296 2086 1786 2168 Rhetoricornm

216 2221 418 2280 libros
449 2221 522 2278 ab
554 2222 966 2280 Herenniano
997 2236 1331 2299 usurpatos
1364 2241 1514 2280 esse.

326 2450 505 2508 Libri
520 2450 843 2508 Rhetorici
871 2451 945 2508 de
979 2451 1381 2522 Inventione,
1414 2469 1574 2527 quos
1608 2436 1782 2506 Cice-

222 2585 291 2623 ro
315 2565 388 2622 de
407 2568 570 2622 Orat.
605 2570 650 2621 Ι.
681 2587 731 2620 2.
764 2565 898 2641 ipse
929 2565 1083 2622 dicit
1115 2564 1238 2623 sibi
1274 2585 1467 2642 puero
1500 2577 1609 2622 aut
1642 2562 1786 2621 ado*

166 2733 168 2737 ,
219 2679 574 2737 lescentulo
634 2700 710 2736 ex
757 2679 1225 2737 commentariis
1273 2679 1405 2737 suis
1453 2676 1778 2748 excidisse,

224 2792 443 2869 scripti
500 2793 801 2852 videntur
852 2794 1021 2853 intra
1074 2814 1316 2853 annum
1372 2792 1591 2852 aetatis
1642 2790 1779 2851 eius
