1878 3198
193 217 639 292 RHETORI&
679 243 780 288 ΒΕ
821 242 1147 295 ΙΝνΕΝΤ,
1186 207 1504 305 -11.57;-59.
1578 227 1703 304 271'

122 407 243 452 hoc
292 404 497 453 mode,
555 415 626 452 et,
682 402 907 446 autad
972 401 1488 447 commoditate-m
1559 399 1679 458 hoc

123 501 215 538 m'o
231 493 260 537 d
276 507 305 537 o
319 524 332 542 ,
366 479 368 482 ⁵
397 505 526 552 ‘quae
570 489 623 532 in
665 488 798 533 codd.
850 489 948 533 eius
963 521 976 540 ,
1043 489 1160 532 item
1222 487 1407 533 duobus
1458 486 1679 532 Oudend.

125 579 321 628 absunt,
379 575 540 620 eiectis
556 607 570 625 ,
632 566 796 632 priora
855 575 921 619 sic
964 574 1236 619 constituit:
1307 576 1469 620 Nam.¹
1500 589 1540 618 'o
1557 589 1603 615 m
1619 569 1684 615 ni

127 666 406 726 tempore
450 660 513 704 id
551 651 942 720 per-tinebit,
987 671 1055 702 ut
1109 658 1212 710 [ad
1253 657 1681 710 honestatem]

127 750 245 796 hoc
287 743 466 831 mgdo
523 744 895 807 exponenda
940 743 1384 789 necessitudo
1413 744 1524 788 sit:
1577 745 1685 790 Ne-

129 852 154 880 c
170 851 194 879 e
209 852 228 880 s
242 851 261 880 s
278 851 302 878 e
345 814 402 878 e's
419 846 438 877 t
466 845 551 877 etc.
612 830 701 876 Sed
730 847 761 892 p
776 847 833 874 er
845 830 893 874 ti
905 846 937 872 n
953 845 975 872 e
990 829 1021 873 b
1035 829 1054 872 i
1069 841 1088 873 t
1129 828 1428 888 simpliciter,
1461 841 1685 888 sequente

95 911 103 915 ’
128 938 162 973 u
177 933 220 971 t,
261 918 450 963 admitti
480 917 661 979 nequit.
725 914 893 961 Saltem
925 932 1020 960 esse
1055 915 1270 960 deberet:
1317 930 1340 958 e
1357 930 1385 958 o
1416 931 1446 975 p
1463 931 1522 958 er
1535 927 1553 958 t
1568 915 1630 959 in
1645 931 1690 958 e-

129 1005 246 1056 bit,
280 1007 321 1048 ‘u
337 1015 371 1051 t².¹
399 990 409 1026 9
427 1006 491 1048 Et
523 1003 721 1048 omnino
763 1002 908 1047 lectio
939 1001 1168 1061 vulgaris,
1204 1016 1345 1061 quam
1372 1000 1687 1050 restituimus,

133 1089 514 1135 antecedentibus
550 1088 721 1132 melius
762 1089 1018 1148 respondet
1032 1121 1043 1137 ‚
1094 1100 1141 1130 et
1172 1085 1411 1146 triplicem
1442 1085 1581 1130 illam
1610 1101 1690 1129 ne-

1672 1147 1704 1165 δ

133 1176 437 1222 cessitudinis
470 1174 828 1220 adiunctionem
859 1173 1031 1219 clarius
1065 1172 1292 1218 enuntiat,
1662 1178 1664 1181 ’

204 1372 206 1374 v
700 1319 738 1365 C
752 1336 775 1370 a
788 1335 843 1379 p„
896 1321 938 1366 L
952 1320 995 1367 V
1013 1321 1035 1361 I
1047 1321 1069 1386 Ι
1083 1319 1107 1360 Ι
1123 1352 1134 1362 .

219 1420 328 1478 Pag.
354 1426 457 1476 559.
490 1433 536 1462 v.
566 1424 633 1472 18.
696 1432 766 1460 ex
803 1429 1159 1477 temporum
1188 1438 1244 1448 —
1312 1418 1383 1460 Ita
1422 1415 1603 1476 legitur
1639 1413 1695 1457 in

137 1502 244 1546 cod.
283 1503 421 1550 Voss,
461 1518 500 1546 c.
537 1500 696 1546 Schol.
733 1501 932 1554 melius,
992 1501 1342 1560 Oudendorpio
1394 1516 1586 1565 quoque
1625 1499 1697 1544 iu-

137 1586 267 1637 dice,
312 1603 456 1648 quam
486 1599 542 1631 ut
567 1587 621 1631 in
653 1586 757 1633 edd.
798 1603 877 1635 -ex
917 1587 1209 1647 tempore.
1234 1636 1235 1640 Ἰ

220 1674 330 1732 Pag.
368 1683 471 1731 559.
513 1689 562 1718 v.
602 1687 669 1732 19.
707 1686 776 1717 20.
799 1689 812 1709 τ
846 1686 947 1717 aut
1005 1690 1074 1717 ex
1126 1671 1696 1737 administratione

137 1757 359 1803 homin
375 1774 497 1818 um,
551 1771 654 1802 aut
707 1758 920 1802 studio
962 1783 1020 1796 —-·
1099 1761 1270 1803 Sensus
1313 1757 1407 1801 hoc
1449 1757 1695 1819 requjrere

137 1843 405 1893 videbatur,
439 1860 539 1889 non
561 1844 629 1894 id,
662 1843 792 1903 quod
818 1860 980 1888 omnes
1009 1843 1113 1887 edd.
1151 1843 1341 1894 habent,
1378 1860 1401 1886 a
1416 1856 1481 1886 ut
1514 1859 1537 1885 a
1553 1842 1697 1886 dmi·

138 1928 537 1974 nistratione
573 1941 678 1973 aut
711 1929 1037 1974 hominum
1076 1929 1318 1973 studio.
1389 1929 1573 1988 Nempe
1617 1927 1694 1972 ad-

139 2014 495 2060 ministratione
538 2013 741 2059 refertur
793 2016 851 2060 ad
895 2033 955 2059 re
969 2031 992 2058 r
1006 2032 1036 2058 u
1051 2031 1126 2065 m,
1199 2014 1330 2073 quod
1367 2014 1587 2074 proxime
1629 2029 1695 2058 se-

143 2098 324 2159 quitur.

223 2187 334 2244 Pag.
365 2194 464 2244 359.
506 2201 552 2231 v.
579 2195 649 2240 25.
691 2186 828 2230 deie
845 2187 934 2231 cit
985 2211 1043 2221 ·-—
1124 2184 1347 2229 Oudend.
1404 2182 1694 2243 praeferebat

142 2267 313 2328 fecit,
344 2287 396 2313 ac
428 2271 457 2314 d
472 2270 664 2314 eiecit
693 2270 946 2333 interpreti
976 2270 1285 2315 tribuendum
1317 2269 1547 2314 censebat.
1604 2272 1699 2322 Er7

142 2355 265 2398 nesti
316 2369 434 2399 vero
502 2356 787 2401 servandum
839 2370 974 2417 putat
1039 2355 1306 2405 deiecit,
1368 2354 1448 2398 cui
1500 2370 1692 2415 prorsus

144 2439 390 2485 assentior.
702 2432 705 2435 i
909 2440 912 2444 ’

736 2527 872 2587 Cap.
931 2526 1086 2576 LIX.

227 2624 649 2684 Pag.560.vv.12.
704 2642 854 2687 quae
910 2623 1121 2670 simili
1173 2625 1238 2667 in
1291 2641 1517 2684 genere
1571 2641 1697 2671 ver·-

146 2722 366 2754 santur
405 2734 465 2746 —-
533 2710 678 2772 Vulg.
723 2727 877 2771 quae
922 2708 1134 2753 simili
1175 2726 1309 2754 esse
1356 2710 1424 2753 in
1465 2726 1695 2771 genere

144 2792 164 2836 i
178 2809 209 2836 n
226 2806 245 2837 t
257 2793 310 2837 el
324 2792 419 2856 lig
432 2811 456 2839 e
469 2812 501 2840 n
514 2809 531 2840 t
545 2813 577 2840 u
589 2812 627 2842 r.
696 2798 759 2840 At
786 2795 1000 2857 primum
1033 2810 1131 2838 non
1168 2808 1235 2839 est
1271 2795 1502 2841 credibile
1515 2827 1526 2845 ,
1560 2797 1694 2841 Cice-
