1878 3198
233 250 334 300 232
721 231 1293 279 CICERONIS

155 392 158 394 ⁷
227 406 352 465 per,
391 397 539 467 quod
580 398 838 465 optimum
877 394 1137 464 putabitis
1175 411 1316 453 esse,
1366 394 1536 447 multo
1562 396 1799 458 maxime„
1841 388 1872 398 ‘⁷

226 484 539 552 requiretis,
590 494 677 541 tu,
741 494 804 531 ut
838 484 1060 531 maritus
1096 483 1167 531 sis
1204 499 1365 555 quam
1403 483 1635 551 optimae
1673 487 1791 531 mu&

223 567 401 627 lieris,
465 567 624 627 haec,
685 579 749 617 ut
795 585 954 636 quam
1011 567 1212 634 optimo
1262 568 1379 617 viro
1426 562 1601 634 nupta·
1637 564 1791 631 sin&
1837 610 1842 617 .

226 655 323 702 Hic
373 666 540 723 quum
579 651 736 702 rebus
788 670 895 702 non
937 644 1116 702 dubiis
1171 663 1312 704 esset
1348 659 1684 711 assensumst
1710 648 1795 702 faa'

226 749 374 789 ctum
426 749 505 788 est
553 749 770 806 propter
820 737 1254 795 similitudinem,
1315 747 1378 786 ut
1428 739 1586 786 etia-m
1633 736 1786 800 illud,

224 823 373 892 quod
409 822 631 873 dubium
664 822 972 881 videbatur,
1036 824 1080 874 si
1119 824 1215 893 qui
1254 824 1533 890 separatim
1571 838 1785 891 quaere-

223 919 333 966 ret,
373 908 430 958 id
465 925 561 976 pro
601 922 777 966 certo,
825 920 1041 976 propter
1077 910 1336 958 rationem
1372 905 1625 978 rogandi,
1665 923 1795 957 con-1

223 991 512 1055 cederetur.
587 996 699 1044 Hoc
734 995 895 1045 modo
934 995 1200 1047 sermonis,
1226 993 1516 1062 plurimum
1544 991 1786 1064 Socrates

223 1095 352 1128 usus
389 1091 496 1137 est,
537 1092 815 1148 propterea
853 1081 998 1150 quod
1038 1078 1181 1128 nihil-
1208 1081 1321 1147 ipse
1351 1075 1535 1127 afferre
1569 1078 1633 1128 ad
1668 1087 1785 1151 ,per-

222 1163 551 1214 suadendum
593 1164 831 1222 volebat,
887 1166 979 1215 sed
1017 1183 1077 1214 ex
1113 1182 1204 1222 eo,
1245 1165 1394 1234 quod
1432 1161 1537 1212 sibi
1572 1163 1659 1212 ille
1698 1147 1786 1213 de·

222 1248 402 1308 derat,
443 1250 658 1318 quicum
699 1249 1034 1316 disputabat,
1087 1250 1290 1319 aliquid
1332 1244 1594 1299 conficere
1626 1247 1784 1298 male-

219 1330 340 1390 bat,
397 1333 546 1403 quod
581 1333 670 1383 ille
713 1351 773 1383 ex
811 1351 902 1392 eo,
944 1334 1090 1404 quod
1127 1335 1232 1383 iam
1272 1335 1643 1392 concessisset,
1696 1351 1783 1385 ne-

222 1419 450 1470 cessario
489 1418 780 1485 approbare
823 1419 1052 1470 deberet.

326 1514 414 1562 52.
452 1505 567 1554 Hoc
602 1504 658 1552 in
694 1521 880 1575 genere
917 1504 1347 1574 praecipiendum
1374 1502 1528 1554 nobis
1555 1505 1783 1567 videtur,

217 1590 477 1656 primum,
517 1600 578 1638 ut
612 1589 743 1640 illud
761 1627 775 1649 ‚
816 1591 964 1660 quod
1001 1591 1310 1641 inducemus
1345 1606 1439 1658 per
1478 1577 1802 1642 similitudi-⁵5

218 1691 369 1735 nem,
438 1676 700 1725 eiusmodi
739 1677 840 1734 sit,
890 1686 951 1725 ut
986 1678 1057 1725 sit
1092 1692 1302 1726 necesse
1337 1676 1573 1726 concedi.
1646 1677 1783 1726 Nam

219 1776 279 1808 ex
328 1776 438 1828 quo
489 1759 877 1827 postulabimus
927 1760 1082 1810 nobis
1135 1760 1301 1818 illud,
1377 1761 1524 1829 quod
1561 1760 1782 1811 dubium

219 1846 321 1902 sit,
362 1845 615 1905 concedi,
657 1845 879 1895 dubium
919 1863 1031 1894 esse
1070 1846 1127 1894 id
1160 1847 1334 1912 ipsum
1367 1863 1475 1897 non
1498 1847 1779 1914 oportebit.

216 1929 420 1978 Deinde
462 1929 623 1987 illud,
689 1932 836 1979 cuius
875 1927 1228 1980 confirmandi
1269 1947 1429 1980 causa
1482 1929 1581 1982 fiet
1628 1932 1781 1982 indu·

219 2016 359 2073 ctio,
413 2014 701 2066 videndum
740 2027 845 2073 est,
899 2027 962 2065 ut
1000 2014 1170 2064 simile
1210 2016 1275 2064 iis
1316 2014 1473 2066 rebus
1507 2018 1609 2076 sit,
1650 2004 1780 2087 {Juas

215 2117 329 2159 res,
397 2102 548 2170 quasi
584 2118 690 2151 non
725 2100 944 2159 dubias,
1014 2113 1133 2150 ante
1168 2101 1547 2152 induxerimus.
1646 2103 1780 2153 Nam

217 2197 336 2235 ante
376 2186 580 2256 aliquid
620 2185 773 2235 nohis
825 2203 1131 2236 concessum
1184 2203 1295 2236 esse
1344 2184 1479 2236 nihil
1521 2186 1778 2254 proderit,

218 2273 265 2321 si
318 2274 368 2321 ei
405 2271 662 2322 dissimile
703 2271 918 2329 erit‘id,
984 2273 1132 2322 cuius
1183 2289 1339 2322 causa
1387 2270 1520 2321 illud
1562 2271 1779 2322 concedi

217 2358 449 2425 primum
497 2357 837 2409 voluerimus.
921 2356 1123 2406 Deinde
1162 2374 1226 2406 ne
1256 2355 1515 2427 intelligat
1551 2358 1623 2414 is,
1663 2356 1778 2425 qui·

218 2459 337 2490 cum
376 2444 610 2513 agimus,
651 2459 758 2511 quo
786 2451 1020 2509 spectent
1047 2441 1167 2491 illae
1196 2443 1394 2509 primae
1422 2441 1777 2498 inductiones,

216 2537 268 2575 et
306 2527 372 2576 ad
411 2544 568 2596 quem
605 2529 708 2576 sint
748 2529 944 2576 exitum
979 2538 1339 2593 perventurae.
1424 2527 1557 2577 Nam
1584 2527 1679 2594 qui
1705 2526 1776 2576 vi·

218 2610 335 2668 det,
375 2612 421 2660 si
449 2614 504 2659 ‘ei
533 2613 638 2668 rei,
680 2629 839 2681 quam
866 2613 1035 2678 primo
1070 2624 1318 2684 rogetur,
1370 2623 1511 2661 recte
1547 2625 1776 2660 assense-

215 2696 315 2753 rit,
369 2694 510 2743 illam
547 2714 760 2765 quoque
797 2714 937 2754 rem,
990 2714 1124 2766 quae
1170 2696 1273 2746 sibi
1312 2696 1614 2764 displiceat,
1666 2710 1778 2744 esse

219 2782 514 2832 necessario
543 2783 947 2843 concedendam,
982 2782 1293 2852 plerumque
1316 2794 1408 2838 aut
1434 2799 1542 2834 non
1565 2796 1777 2849 respon-
